1834 2439
162 174 246 211 ³110
718 178 789 204 nn.
816 178 858 203 11.
899 178 977 203 cn.
1002 177 1099 202 xvn.

275 264 314 309 2)
361 260 550 307 Rhapsodim
582 258 655 292 sive
676 258 922 302 spectaculum,
953 258 1095 293 ludusve
1118 259 1278 294 scenicus,

277 333 318 379 3)
366 329 489 366 Celtis
504 327 717 372 Epigramma
737 326 779 361 de
795 322 923 374 ι,ῗοαηηε
938 326 1037 374 Hasta
1069 328 1124 364 cui
1144 328 1332 375 adjungitur
1354 326 1503 372 ejusdem
1518 326 1643 363 Celtis

365 387 426 421 ode
456 384 612 428 sapphica
646 384 689 417 ad
712 382 895 419 Bohuslaum
917 383 1108 420 Harsenstein
1143 388 1184 421 de
1214 388 1280 420 situ
1302 385 1438 429 Progne,
1476 385 1576 419 sectis
1609 391 1644 420 et

361 440 551 476 haeresibus
582 440 617 474 in
639 439 813 475 Bohemia.

276 509 317 556 4)
362 509 529 544 Sodalitas
553 507 713 544 litteraria
735 508 941 545 Viennensis
960 510 1108 555 Collegii‚
1134 516 1168 545 et
1189 511 1369 546 instructae
1393 510 1546 552 Classes3
1576 520 1645 544 una

361 578 439 602 cum
462 566 604 611 Epistola
614 565 762 612 ,Celtis
776 567 819 602 ad
832 567 1096 612 ‘Imperatorerm
1119 579 1186 613 >qua
1208 569 1315 603 reddit
1337 569 1498 603 rationem
1518 568 1644 602 studio-

362 635 451 665 rum,
475 635 515 659 ac
540 634 721 665 munerum
741 634 890 660 suorum.

270 691 310 738 5)
360 690 485 727 Celtis
512 692 721 738 epigramma
741 692 906 727 adversus
931 693 1192 728 obtrectatorem.

269 757 311 805 ὁ)
357 761 523 805 Juvenum
546 750 694 795 carmina
717 761 938 795 eucharistica
961 771 1020 805 pro
1043 760 1200 795 instituto
1223 765 1395 804 poetarum
1416 761 1565 805 collegio.

269 825 312 873 7)
358 828 515 873 Opusculi
538 839 690 868 censura,
715 828 945 873 privilegium,
969 828 1065 863 locus
1088 834 1122 863 et
1148 839 1253 863 annus
1276 827 1443 863 editionis.

272 895 312 938 8)
358 894 498 943 (Joannis
522 895 627 931 Sturni
649 908 783 932 carmen
815 897 856 931 ad
881 895 989 930 cette
998 908 1037 931 m.
1089 895 1213 930 Celtis
1238 896 1443 940 epigramma
1470 896 1512 930 ad
1533 895 1646 930 Maxi-

365 953 529 987 milianum.

274 1008 315 1055 9)
363 1008 539 1054 Imaginem
567 1014 601 1044 et
624 1009 775 1056 opusculi
799 1008 909 1046 editio
922 1008 1072 1054 repetita.

276 1101 302 1137 Ι.
350 1101 620 1146 Epigrammate,
660 1101 749 1145 quod
780 1101 886 1146 priore
916 1101 990 1135 loco
1019 1100 1147 1139 visitur,
1182 1099 1265 1144 petit
1298 1098 1420 1139 Celtis
1450 1098 1648 1134 Theodiscos

181 1158 422 1194 versificatores
445 1159 673 1203 rhythmicos;
704 1158 904 1202 incipitque:
940 1156 1016 1192 Cum
1038 1163 1081 1191 tot
1102 1156 1272 1191 arithmarii
1293 1156 1427 1191 scribant
1450 1155 1505 1191 tibi
1526 1155 1650 1192 rlzemate

182 1214 290 1249 laudes.
336 1214 454 1249 Altero
484 1215 722 1258 epigrammate
755 1214 944 1257 gratulatur
973 1214 1192 1248 Maximiliano
1220 1214 1350 1248 felicem
1384 1215 1424 1248 ab
1448 1225 1572 1248 oceano
1600 1224 1652 1247 re-

186 1271 301 1306 ditum.
364 1270 446 1316 Ejus
476 1270 633 1306 initium:
685 1269 796 1315 Qualis
825 1269 863 1304 ab
897 1270 1045 1316 Hispanis
1078 1269 1200 1304 Alcides
1228 1276 1344 1305 venerat
1373 1271 1442 1304 oris.
1504 1271 1653 1316 Epistola

186 1329 293 1372 priore
323 1328 454 1373 quaerit
488 1339 508 1363 a
531 1328 601 1363 Cel
607 1334 640 1362 te
661 1327 849 1372 Augustinus
869 1328 1035 1369 Mor-amis,
1073 1329 1130 1372 qui
1152 1334 1252 1363 vocat
1279 1326 1344 1362 Cel
1350 1332 1419 1360 tem
1440 1339 1538 1362 suum
1566 1327 1654 1363 Com-

180 1385 376 1430 platonicum‚
401 1395 514 1428 quare,
537 1391 597 1418 aut
621 1384 715 1429 cujus
739 1386 937 1419 auctoritate
962 1392 1057 1419 vocet
1081 1386 1227 1419 Boemos
1249 1383 1441 1419 Boemannos.
1485 1385 1649 1431 Epistola,

184 1453 250 1487 qua
268 1442 448 1486 respondet
465 1440 610 1480 Celtis,
634 1440 750 1475 nititur
768 1441 857 1475 illam
872 1433 1152 1486 nuncupationem
1172 1441 1391 1486 comprobare.
1420 1441 1651 1487 Epigramma

183 1499 270 1534 dicta
294 1499 476 1532 inferemus
504 1498 595 1532 libris
614 1498 901 1542 epigrammatum,
926 1510 1009 1543 quos
1038 1497 1166 1533 Celtis
1188 1498 1279 1534 vitae
1303 1499 1536 1544 adjungemus.
1569 1498 1652 1544 Epi-

181 1556 271 1591 :totas
294 1561 407 1591 autem
431 1555 583 1591 dabimus
596 1557 641 1606 ‚in
664 1554 852 1602 Appendice‚
881 1568 946 1592 una
971 1559 1050 1591 cum
1079 1555 1196 1592 ceteris
1224 1568 1294 1603 ejus
1316 1556 1483 1603 epistolis,
1512 1566 1650 1602 quarum

186 1616 353 1658 potuimus
377 1625 453 1649 esse
477 1620 661 1658 compotes.
689 1615 820 1655 ,Quare
844 1615 1110 1660 supersedemus,
1135 1615 1188 1649 his
1211 1616 1392 1660 quidquam
1416 1616 1544 1650 addere.
1596 1656 1600 1659 ¹

275 1705 320 1741 ΙΙ.
367 1705 480 1740 Ludus
506 1706 639 1751 quidem
663 1706 813 1741 scenicus
838 1705 928 1740 hunc
952 1705 1021 1741 fere
1045 1706 1079 1740 in
1099 1707 1299 1741 modum'se
1322 1706 1440 1741 habet:
1467 1705 1652 1741 considen-

186 1764 269 1798 tibus
298 1769 428 1807 septem
452 1761 586 1807 Imperii
617 1763 814 1797 electoribus
843 1765 1044 1806 personatis,
1080 1765 1291 1808 mediumque
1322 1764 1406 1798 inter
1430 1764 1520 1807 ipsos
1542 1761 1653 1797 locum

185 1826 362 1865 occupante
395 1820 538 1855 Caesare
551 1846 560 1860 ,
605 1818 753 1853 Heroldus
783 1820 958 1854 exhibendi
990 1820 1058 1856 ludi
1098 1825 1331 1864 argumentum
1370 1820 1520 1865 proponit
1557 1819 1651 1855 hisce

186 1878 359 1912 versibus:

440 1921 692 1970 Mizxmilianeos,
723 1931 880 1976 juvenes·
910 1933 1113 1967 celebremus
1136 1925 1298 1973 honores}

436 1988 711 2035 Carminibusque
734 2000 812 2026 suas
834 1990 989 2025 tollamus
1012 1990 1054 2028 ad
1077 1990 1211 2025 aethera
1233 1990 1365 2026 laudes:

436 2049 505 2088 Qui
528 2055 642 2084 nostra
666 2053 801 2083 aeterna
824 2058 1028 2093 componens
1051 2054 1202 2093 tempora
1228 2059 1328 2094 pace,

435 2104 559 2140 Stravit
581 2106 626 2141 ab
647 2104 771 2141 Arctoo
797 2107 967 2141 venientes
994 2117 1056 2141 axe
1079 2105 1223 2141 Boemos:
1267 2109 1273 2114 '
