1834 2439
208 140 270 176 136
731 153 803 178 mn.
830 151 872 176 ιι.
920 150 1000 177 cn.
1022 151 1105 179 xxi.

293 232 365 268 111.
402 230 556 275 Sequitur
578 228 703 264 nomae
722 230 876 265 Velociani
898 231 1037 277 epistola
1049 233 1256 274 dedicatoria,
1281 232 1435 278 inscripta
1454 230 1660 279 christophoro

202 289 358 329 Raabero‚
378 288 536 325 ecclesiae
553 287 745 328 Laibacensis
769 296 803 324 et
818 287 998 324 Secoviens'is
1018 292 1187 337 episcopo,
1211 290 1458 327 Sacratissimae
1470 291 1662 338 Maiestatis

174 340 179 343 ”
201 349 363 383 Caesareo
387 344 591 378 consiliario.
646 345 793 383 Asserit‚
817 356 855 379 se
880 345 1054 380 Conradi
1078 347 1198 382 Celtis
1222 348 1357 385 labores,
1382 346 1454 379 dies
1478 353 1660 396 noctesque

203 408 394 448 congestos,
420 400 461 435 ab
475 400 649 437 oblivionis
669 400 786 447 injuria
804 412 954 439 asserere
974 415 1126 445 curasse,
1143 412 1217 451 post
1233 404 1303 450 ejus
1313 404 1455 439 obitum.
1490 394 1661 443 Affirmat‚

200 462 285 496 edas
304 459 468 497 celticas,
493 458 812 510 chalcographorum
835 462 1173 499 manibusemissas,
1198 473 1279 505 opus
1302 472 1377 494 csse
1395 471 1463 493 non
1481 470 1663 506 aspernan-

198 516 294 554 dum·
320 523 442 557 ‚neque
474 514 665 559 indignum,
707 517 797 561 quod
830 516 1055 552 illustrissimo
1089 517 1217 552 nomini
1251 515 1458 553 Ornatissimi
1492 513 1660 550 Praesulis

198 571 414 612 inscribatur,
444 572 501 617 qui
525 572 570 607 sit
594 573 746 609 omnium
768 575 929 611 bonarum
950 576 1088 614 artium,
1123 583 1222 619 atque
1249 567 1464 610 scientiarum
1483 580 1659 618 patronus.

196 636 341 669 amator,
365 629 534 673 decusque
555 631 811 674 amplissimum.
847 632 966 676 Siquid
983 639 1095 666 autem
1112 642 1152 665 eo
1169 632 1203 665 in
1222 642 1318 676 opere
1334 631 1455 675 aliquid
1474 623 1663 670 occurrerit,

195 686 285 721 haud
307 687 390 721 satis
415 693 631 722 emunctum:
660 687 696 722 id
721 686 848 722 Celtis
872 689 1043 734 inopinae,
1068 688 1331 732 immaturaeque
1353 687 1453 723 morti
1476 687 1662 723 adscriben-

195 745 293 778 dum:
333 745 389 787 qui
420 755 488 777 non
524 744 598 779 sine
632 745 789 787 lacrymis
822 756 905 788 opus
941 745 1193 782 semilimatum,
1229 744 1326 781 rude,
1365 744 1661 787 incastigatumque

197 800 344 834 moriens
378 796 554 843 reliquerit.
630 799 763 834 Viennae
795 799 965 834 Pannoniae
999 800 1076 834 data
1109 804 1163 835 est
1196 798 1281 833 haec
1314 799 1456 843 epistola
1494 801 1572 836 XII.'
1590 799 1663 835 Kal.

195 856 333 892 Martias
357 857 404 892 M.
429 857 469 892 D.
494 857 579 893 XIlL

268 947 336 983 lv.
371 949 465 988 Quae
490 947 666 993 epistolam
688 949 930 996 nunmpatoriam
959 948 1081 993 excipit
1113 946 1284 982 Conradi
1308 946 1434 982 Celtis
1463 946 1547 988 vita,
1583 959 1662 983 cou-

196 1005 315 1049 scripta
335 1005 446 1039 studio
464 1004 632 1039 sodalitatis
650 1004 808 1043 litterariae
826 1004 999 1044 Rhenanae,
1023 1006 1201 1051 admodum
1225 1006 1331 1040 brevis
1354 1011 1422 1045 est,
1447 1016 1554 1050 neque
1577 1004 1662 1040 satis

198 1068 375 1096 accurata:
411 1061 514 1096 veluti
544 1062 614 1097 suis
644 1062 726 1097 locis
755 1063 1052 1108 comprobavimus⁴
1111 1062 1223 1097 Secuti
1252 1069 1364 1097 tamen
1396 1074 1458 1097 nos
1491 1063 1553 1107 ipsi
1584 1073 1660 1097 eam

197 1129 333 1158 sumus,
356 1119 466 1163 siquid
486 1119 598 1158 habet,
618 1119 707 1163 quod
724 1131 794 1153 non
809 1109 999 1154 adversetur
1016 1120 1243 1154 monumentis
1260 1120 1348 1158 aliis,
1371 1118 1435 1153 fide
1451 1119 1661 1163 dignioribus.

196 1176 338 1215 Quinam
362 1175 484 1209 fuerint
507 1175 637 1208 sodales
655 1175 702 1208 illi
720 1175 885 1213 litterarii,
910 1176 966 1219 qui
987 1176 1054 1209 huc
1073 1186 1206 1220 operam
1223 1187 1319 1211 suam
1334 1176 1547 1215 contulerint,
1570 1176 1661 1209 haud

193 1237 335 1266 constat.
381 1230 499 1276 Aeque
523 1236 575 1266 est
598 1232 780 1272 incertum,
808 1242 874 1276 quo
895 1242 933 1266 se
952 1232 1052 1266 modo
1073 1232 1225 1267 habuerit
1248 1233 1305 1267 illa
1328 1231 1449 1266 Celtis
1471 1234 1555 1269 vita,
1575 1242 1663 1276 quae

195 1289 361 1333 quondam
391 1288 573 1323 habebatur
600 1300 664 1323 cum
686 1291 748 1334 ejus
770 1288 848 1323 clare
869 1288 975 1330 dictis,
1008 1289 1042 1324 in
1074 1286 1188 1324 codic'e
1219 1301 1301 1324 msc.
1326 1287 1585 1335 Norimbergensi;
1617 1300 1660 1323 ex

194 1355 260 1389 quo
283 1346 401 1380 evulsa
423 1352 493 1385 est,
518 1346 732 1390 inscriptione
755 1346 877 1384 relicta.
925 1346 1013 1381 Cum
1033 1346 1104 1390 ipse
1124 1346 1246 1386 codex,
1270 1347 1397 1390 absque
1416 1345 1661 1385 controversia,

192 1402 273 1436 olim
304 1402 403 1436 fuerit
431 1402 607 1445 ipsiusmet
639 1401 779 1435 Celtis:
812 1412 1020 1444 consequens
1050 1399 1119 1439 est,
1150 1403 1242 1435 vitam
1273 1400 1412 1441 Celtis,
1444 1401 1516 1445 ipso
1548 1401 1658 1436 adhuc

193 1459 393 1502 superstite,
417 1456 523 1491 fuisse
545 1458 778 1500 conscriptam.
826 1457 911 1490 Eam
938 1454 1060 1489 Celtis
1083 1457 1325 1500 biographiam,
1348 1468 1436 1500 quae
1459 1458 1493 1491 in
1516 1458 1660 1501 vulgatis

193 1512 379 1560 Argentinae
395 1513 483 1549 illius
501 1512 574 1548 odis
594 1512 692 1547 obvia
709 1518 778 1553 est,
801 1512 907 1547 secuti
923 1518 1002 1547 sunt
1020 1512 1183 1557 plerique,
1209 1514 1266 1558 qui
1291 1513 1333 1548 de
1357 1512 1459 1547 Celte
1480 1514 1660 1559 quidquam

194 1573 399 1608 mandarunt
429 1572 559 1607 litteris.
614 1568 757 1619 (Joannes
790 1568 971 1609 fichardus,
1004 1570 1085 1614 quin
1115 1570 1238 1615 aliquid
1266 1571 1419 1611 adderet,
1453 1571 1658 1613 demeretve‚

195 1630 333 1665 inseruit
363 1630 474 1675 operit
514 1628 657 1663 Virorum
686 1630 850 1674 superiore,
877 1633 1033 1671 nostroque
1055 1627 1151 1662 seculo
1177 1627 1311 1662 doctrina
1341 1626 1496 1662 illustrium
1524 1629 1601 1663 vitae
1626 1630 1659 1664 in

193 1700 282 1722 unum
306 1688 437 1722 volumen
460 1686 599 1721 collectae.
633 1685 774 1730 Francos:
798 1686 895 1729 1556.
945 1694 976 1728 4.

285 1779 328 1815 V,
371 1777 570 1813 Praemissis
591 1778 737 1812 Odarum
761 1775 923 1816 indicibus,
957 1784 1151 1820 comparent
1179 1773 1263 1809 odae
1286 1775 1394 1820 ipsae,
1424 1774 1599 1811 distinctae
1619 1776 1657 1812 iu

192 1837 291 1872 libros
307 1834 371 1878 lV;
394 1846 478 1880 quos
502 1835 680 1870 comitatur
702 1835 799 1869 Liber
822 1833 966 1879 Epodon‚
991 1845 1058 1869 una
1072 1829 1158 1869 ⁷cum
1180 1833 1307 1866 carmine
1329 1833 1461 1869 seculari.
1508 1834 1560 1869 Ex
1581 1834 1657 1870 odis

193 1899 262 1928 tres
286 1899 366 1928 sunt
388 1903 519 1931 sacrae,
544 1892 702 1937 profanae
725 1892 882 1937 reliquae.
934 1891 1005 1927 Una
1027 1903 1070 1925 ex
1093 1891 1196 1925 sacris
1220 1890 1376 1934 inscripta
1399 1897 1450 1926 est
1472 1890 1571 1926 Divae
1592 1890 1657 1925 Dei

193 1951 329 1994 genitrici
363 1960 423 1993 pro
458 1960 539 1995 pace
572 1950 661 1984 inter
695 1949 858 1994 principes
893 1948 1121 1983 Christianos:
1163 1946 1257 1980 altera
1292 1947 1395 1982 vitam
1424 1955 1463 1984 ‘et
1496 1948 1658 1984 miramla

198 2013 328 2043 enarrat
350 2012 488 2042 sanctae
516 2005 730 2052 Waldburgis:
753 2006 840 2040 emm
863 2006 998 2041 exhibet
1024 2005 1129 2040 vitam
1150 2001 1186 2038 S.
1210 2001 1339 2038 Meldi.
1395 2005 1448 2040 Ex
1471 2005 1554 2041 Odia
1577 2009 1660 2040 sunt

196 2064 323 2109 plures,
347 2075 433 2109 quae
453 2065 524 2110 jam
546 2071 625 2101 ante
648 2064 804 2109 vulgatae
829 2064 920 2110 typis
941 2063 1090 2104 fuerant3
1115 2061 1207 2096 velut
1230 2073 1272 2096 ex
1294 2060 1364 2098 Lib.
1387 2062 1411 2098 I.
1435 2063 1506 2099 Ode
1525 2062 1584 2099 xi.
1613 2060 1657 2097 ad
