1834 2439
200 171 268 206 126
752 179 824 204 ιιι.
851 178 893 203 11.
942 177 1021 203 cn.
1047 180 1129 205 xxx.

198 262 354 305 editionis
379 259 575 296 suostudio
598 259 796 300 adornatae;
827 269 869 293 ex
894 269 959 303 qua
982 270 1088 305 pauca
1112 260 1302 308 seligimuS,
1336 255 1405 309 huc
1424 264 1663 310 transferenda,

199 322 319 364 „inter
341 329 478 366 paucos,
514 317 641 361 inquit,
677 316 733 361 qui
767 322 946 362 supersunt
978 329 998 353 e
1028 319 1242 364 scriptoribus
1273 329 1383 354 rerum
1407 315 1661 363 Germanarum.

196 380 369 426 praecipua
396 374 588 421 dignatione
618 375 743 410 eminet
769 372 959 414 Garamam,-
1000 377 1056 422 qui
1088 388 1141 413 res
1171 389 1232 412 suo
1266 387 1366 417 aevo,
1397 378 1487 413 domi
1509 378 1667 426 forisque,

199 438 322 472 fortiter
353 440 387 468 et
417 433 585 478 sapienter
599 458 608 472 ,
646 440 749 477 atque
780 434 1038 478 magnanimiter
1073 442 1186 480 gestas
1221 445 1241 469 a
1269 435 1433 475 maximo,
1465 442 1499 471 et
1526 437 1662 482 optimo,

199 491 495 539 potentissimoque
518 491 646 536 imperii
670 491 860 527 Germanici
885 492 1032 527 nominis
1057 491 1265 533 Fridericol,
1292 493 1343 527 cui
1367 502 1386 527 a
1411 493 1531 532 barbae
1555 494 1664 530 colore

196 548 364 585 Aenibarbo
388 549 442 584 vel
456 547 660 582 Barbarossae
676 559 864 592 cognomen
889 550 961 590 fuit,
986 550 1132 585 carmine
1153 561 1251 596 supra
1274 551 1545 595 quamvsecuium
1563 562 1665 597 suum

195 608 288 646 ferat,
313 606 475 651 elegante,
499 607 651 651 bonoque
673 611 707 640 et
720 607 849 642 erudito
873 607 1054 657 descripsit.
1091 608 1295 652 Quanquam.
1312 613 1424 642 autem
1448 608 1488 642 de
1505 602 1662 652 tempore,

193 675 260 709 quo
282 661 450 697 Guntherus
473 663 651 708 scripserit,
675 660 828 700 nonnulli
852 664 1023 701 dubitent:
1047 662 1117 709 ipse
1140 670 1253 699 tamen
1280 675 1416 699 omnem
1440 665 1523 699 hanc
1538 666 1666 699 dubita-

192 722 318 756 tionem
339 721 446 763 sistit3
479 721 559 756 dum
583 721 667 756 satis
691 721 875 765 significat,
907 732 944 755 se
969 722 1164 766 imperatore
1185 719 1332 755 Friderici
1363 722 1464 756 etiam
1487 723 1562 757 vivo
1586 722 1665 756 iliud

194 790 315 825 poema
335 779 538 819 confecisse,
572 779 606 813 in
631 779 776 823 quinque
801 779 989 818 mensibus,
1020 784 1056 813 et
1074 778 1281 824 imperatori,
1312 789 1333 813 a
1355 778 1513 815 bellorum
1542 779 1667 814 tumul-

195 838 281 872 tibus
311 836 584 881 interquiescenti
599 862 608 876 ,
645 836 824 881 aliquando
862 836 1035 881 egregium
1066 836 1154 871 hunc
1183 837 1329 872 laborem
1358 847 1456 872 suum
1496 837 1667 872 obtulisse.

199 894 287 930 Cum
316 901 429 929 autem
460 894 513 929 vel
542 904 585 928 ex
616 901 815 938 argumento
847 894 972 939 operis,
1017 893 1167 938 ejusdem
1186 894 1304 930 ⁴soleat
1337 895 1481 939 dignitas
1511 900 1546 929 et
1576 904 1668 939 prae-

197 952 320 986 stantia
344 951 535 992 aestimari3
572 950 627 985 vel
650 962 693 984 ex
716 952 827 990 modo,
851 956 909 985 aut
927 950 1035 985 forma
1056 951 1238 986 tractandi:
1261 957 1296 986 et
1319 962 1399 986 vero
1416 952 1477 986 hic
1500 951 1541 985 de
1564 951 1665 986 rebus

198 1009 302 1052 gestis
326 998 472 1042 Friderici
495 1004 668 1040 Aenobarbi
691 1013 820 1051 agatur,
845 1007 904 1051 qui
931 1012 1045 1042 tantus
1068 1013 1103 1042 et
1126 1007 1218 1043 talis.
1241 1008 1401 1052 qui'pace
1424 1007 1572 1051 belloque
1594 1013 1665 1042 tam

199 1065 344 1110 inclytus
365 1065 516 1110 princeps
538 1063 610 1104 fuit,
635 1071 672 1099 ut
696 1065 757 1100 sub
771 1076 824 1100 eo.
848 1076 913 1100 non
938 1064 1065 1110 injuria,
1089 1075 1227 1100 aureum
1249 1065 1512 1109 quasi'seculum
1532 1064 1668 1100 rediisse

201 1123 369 1163 videatur,·
401 1123 500 1165 idque
522 1132 584 1156 nec
609 1122 797 1164 vulgariter,
822 1123 880 1155 sed
895 1122 1046 1155 omnibus
1072 1122 1226 1157 adhibitis
1250 1122 1456 1156 ornamentis
1479 1128 1513 1156 et
1533 1122 1667 1157 lumini-

198 1179 259 1213 bus
284 1177 463 1211 orationis:
506 1183 659 1220 potestne
685 1177 840 1221 cuiquam
866 1187 940 1211 esse
964 1178 1153 1216 obscurum,
1175 1178 1297 1221 quanti-
1312 1179 1354 1212 ab
1376 1178 1528 1212 omnibus
1552 1184 1669 1213 noster

194 1235 250 1269 hic
278 1232 444 1268 Gunthems
458 1233 528 1268 fieri
543 1234 734 1268 mereatur?
768 1235 947 1269 Habebunt
968 1229 1348 1279 hic‘summivprin'cipes
1373 1245 1413 1269 ac
1437 1245 1545 1279 reges,
1573 1235 1665 1279 quod

196 1291 381 1339 imitantur,
405 1296 506 1335 atque
524 1290 714 1335 exprimant
726 1302 737 1334 3
761 1292 922 1326 nimirum
937 1291 1106 1336 pietatem,
1130 1290 1333 1335 religionem,
1357 1291 1467 1332 fidem,
1494 1291 1667 1336 justitiam,

196 1339 440 1388 fortitudinem,
470 1348 640 1393 animique
666 1349 948 1394 magnitudinem,
973 1349 1169 1394 inutraque
1192 1348 1334 1384 fortuna.
1382 1349 1575 1389 Habebunt,
1612 1348 1670 1384 hic

196 1415 399 1449 magnorum
422 1405 605 1447 principum
621 1406 815 1443 cancellarii,
839 1405 1033 1441 consiliarii,
1051 1412 1153 1447 atque
1179 1405 1278 1447 legat'
1315 1405 1401 1447 quod
1426 1405 1468 1438 ad
1478 1415 1564 1440 vsuos
1589 1415 1670 1439 usus

199 1472 300 1505 saepe
333 1460 511 1495 transferre
542 1459 686 1506 possint,
720 1460 755 1494 in
779 1459 890 1495 arduis
913 1458 1214 1496 deliberationibus.
1318 1461 1437 1496 bebunt
1468 1461 1523 1496 hic
1547 1461 1669 1506 legum,

199 1519 349 1564 jurisque
374 1517 561 1552 conditores
569 1529 579 1560 3
613 1524 649 1552 ut
670 1524 827 1558 statuant,
852 1528 939 1562 quae
960 1517 1028 1552 sint
1050 1517 1246 1562 reipublicae
1269 1518 1437 1553 salutaria.
1485 1519 1671 1563 Habebunt,

197 1577 284 1621 quod
303 1575 379 1610 inde
403 1575 536 1610 discant
560 1575 777 1620 magistratus
801 1582 834 1610 et
844 1575 984 1620 judices,
1009 1574 1086 1609 belli
1112 1575 1213 1609 duces
1236 1581 1336 1619 atque
1350 1575 1513 1620 episcopi:
1544 1582 1671 1620 poetae,

197 1639 354 1673 oratores,
380 1632 541 1672 historici,
566 1632 763 1682 geographi.
781 1631 1022 1676 jurisconsulti,
1045 1632 1202 1677 theologi,
1227 1643 1267 1667 ac
1290 1632 1425 1667 medici:
1446 1632 1567 1678 singuli
1581 1633 1671 1668 enim

196 1687 333 1726 suarum
359 1690 416 1724 hic
437 1686 580 1730 artium,
615 1701 655 1725 ac
686 1689 930 1735 disciplinarum
963 1689 1113 1729 semina,
1148 1696 1251 1734 atque
1282 1700 1382 1734 opera
1403 1693 1679 1735 recognoscent·“

195 1748 306 1792 Atque
330 1747 421 1781 hunc
443 1747 481 1781 in.
501 1748 651 1787 modum,
678 1748 719 1783 de
740 1748 805 1783 hoc
828 1759 939 1792 opere,
964 1747 1124 1782 iudicavit
1138 1746 1359 1782 Ritwshusius.

287 1816 328 1850 V.
379 1814 520 1850 Clausala
544 1816 643 1851 Libro
669 1817 796 1852 decimo
819 1818 963 1863 adjecta:
998 1814 1144 1851 Gunfheri
1159 1816 1302 1862 Ligurini
1328 1821 1430 1861 poetae
1452 1814 1609 1851 clarissimi
1631 1815 1668 1851 de

194 1875 287 1921 gestis
310 1873 391 1908 Divi
414 1872 562 1909 Friderici
610 1873 719 1909 Decem
750 1873 820 1910 libri
843 1877 972 1920 feliciter
1001 1875 1088 1912 editi:
1125 1880 1164 1910 et,
1182 1875 1316 1920 impressi
1351 1886 1407 1920 per
1429 1873 1616 1914 industrium,
1645 1878 1674 1907 et

195 1933 374 1978 ingeniosum
394 1933 568 1978 magistrum
589 1930 765 1969 Erhardum
792 1931 899 1978 Oeglin
929 1935 1020 1968 civem
1043 1932 1261 1978 Augustanum.
1308 1931 1399 1967 Anno
1420 1931 1671 1977 &sfflmiuesimo

196 1996 224 2023 et
245 1991 364 2035 septimo
386 2001 478 2025 mense
492 1988 622 2035 Aprilis.
670 1991 723 2026 Ex
746 1990 839 2026 hisce
862 1992 970 2028 verbis
995 1990 1229 2035 intelligimus,
1254 1991 1386 2027 nomine
1409 1990 1562 2036 Ligustini,
1586 1998 1672 2034 quae

202 2048 366 2092 poematis
397 2048 493 2093 hujus
521 2048 691 2094 inscriptio
720 2055 773 2084 est
788 2075 797 2090 ,
837 2056 1020 2086 auctorem·
1037 2049 1146 2095 ipsum
1183 2047 1283 2084 fuisse
1314 2051 1507 2089 vocitatum·
1562 2048 1672 2087 Quem

195 2104 330 2149 quidem
354 2105 388 2139 in
411 2115 558 2140 errorem
582 2106 685 2142 etiam
709 2107 793 2143 alios
815 2117 930 2153 postea
951 2108 1133 2153 prolapsos.
1146 2116 1235 2146 esse,
1276 2112 1485 2152 compertum
1505 2109 1567 2140 est.
1629 2122 1638 2132 ι
