1834 2439
148 124 215 162 1⁴2
679 134 752 161 uu.
778 136 822 160 ιι.
870 136 951 161 cn.
975 136 1078 163 xxrr.

140 216 178 253 in
198 215 299 254 libros
319 215 598 261 epigrammatum
621 216 827 251 transtulerit
834 226 844 259 ;
875 221 950 252 tum
973 219 1064 263 quod
1079 219 1286 255 'testamento
1308 219 1473 260 sanxerit,
1491 230 1536 255 ea
1559 224 1599 256 ut

138 279 404 320 expungerentur
424 271 460 305 in
480 272 659 316 scriptisa
680 284 716 308 se
738 273 879 313 relictis,
902 271 1067 319 siquando
1090 277 1216 314 edenda
1238 280 1364 314 essent,
1389 284 1476 318 quae
1497 288 1597 313 noce-

138 338 213 366 rent
232 331 339 365 famae
361 327 519 371 aliorum3
543 329 667 377 quidni<
682 336 718 365 et
740 329 923 375 integritati
946 332 1109 367 morum?
1358 344 1361 346 ·

228 410 323 444 Liber
342 410 474 452 quinem,
500 419 580 444 cum
597 410 643 445 sit
662 409 893 455 imperfectus,
918 417 956 447 ut
972 413 1063 448 mole
1080 400 1157 452 sua,
1183 417 1239 447 aut
1257 411 1441 447 carminum
1460 421 1598 447 numero
1613 412 1615 414 ’

133 479 199 503 non
222 472 391 511 tantopere
414 465 588 502 dissideret
610 478 631 502 a
652 467 756 509 libris,
781 468 838 514 qui
861 477 1115 515 praecesserant,
1141 469 1334 505 curavimus
1355 474 1392 505 ut
1412 469 1600 514 augmentis

137 524 254 559 additis
278 528 459 561 cresceret,
483 534 523 558 ac
547 523 730 560 efficeretur
751 526 872 560 ceteris
896 527 1045 561 similior.
1099 527 1280 561 Hausimus
1302 531 1413 559 autem
1435 526 1469 559 id
1491 537 1598 568 genus

132 580 358 615 additamenta
380 590 448 614 non
471 579 619 621 aliunde,
651 591 691 616 ac
715 592 758 617 ex
783 579 932 617 Celtico
954 582 1055 619 fonte.
1104 582 1221 628 Neque
1242 581 1377 628 penuria
1399 588 1450 617 est
1473 580 1598 617 littera-

134 637 260 672 riarum
287 636 480 683 hujusmodi
504 649 608 683 opum
630 639 718 684 apud
745 638 895 676 Cenem.
949 641 1139 686 Suppetunt
1161 651 1243 675 sane
1268 651 1336 675 uon
1357 651 1474 685 pauca.
1510 650 1595 684 quae

130 695 198 729 hue
227 695 339 730 referri
370 701 496 739 queant
531 697 565 731 iu
597 696 668 742 ejus
699 697 889 742 opusculis;
930 690 1113 731 'occurrunt
1137 697 1243 730 multa
1266 697 1355 741 apud
1377 697 1477 737 alios,
1506 706 1592 741 quae

135 750 202 786 Cel
208 757 277 786 tem
308 752 430 787 habent
458 759 627 787 auctorem
659 754 918 797 epigrammata,
953 752 1032 796 quin
1063 757 1276 795 compareant
1299 751 1333 787 in
1356 752 1428 797 ejus
1451 753 1597 797 quinque

130 809 411 853 epigrammatum
431 808 541 846 libris,
568 819 650 852 quos
672 809 812 852 reliquit.
861 804 961 843 Plura
987 806 1108 842 Celtis
1134 818 1220 850 vaga
1243 808 1278 841 id
1298 819 1406 852 genus
1430 809 1596 853 poematia

133 866 282 911 collegit,
317 865 483 910 ediditque
506 864 611 900 Petrus
633 864 803 906 Bonomus,
838 866 1009 911 episcopus
1039 862 1244 909 Tergestinus,
1279 864 1364 909 Aug.
1384 864 1483 900 vind.
1507 875 1597 900 anno

139 926 235 957 1518.
296 924 397 957 Plura
430 923 551 966 pariter
587 923 799 956 continentur
834 922 869 956 in
900 922 1011 956 codice
1045 932 1126 956 msc.
1156 922 1371 956 bibliothecae
1405 922 1595 956 academiae

137 978 372 1023 Oenipontanae,
408 988 429 1011 a
456 976 562 1011 Celte
585 979 695 1012 dicata
717 975 842 1025 ίζῖοαυιηί
866 975 1087 1021 Emungam,
1116 978 1263 1012 senatori
1291 977 1471 1018 Caesareo,
1505 987 1593 1022 quae

135 1047 192 1081 pro
206 1046 270 1070 sua
286 1035 493 1069 humanitate
509 1045 640 1069 mecum
654 1034 912 1069 communicavit
930 1032 1123 1069 Wikoschius,
1141 1034 1288 1071 biblioth.
1326 1034 1441 1079 Neque
1457 1035 1594 1071 dubium

135 1099 201 1131 est,
236 1092 335 1135 longe
366 1092 459 1135 plura
496 1089 620 1124 Celtis
648 1092 682 1125 id
711 1101 818 1134 genus
847 1091 972 1133 lipsana
997 1101 1072 1124 esse
1095 1091 1129 1124 in
1152 1091 1351 1135 deperditis;
1380 1092 1595 1135 potissimum

131 1148 306 1193 epitaphia,
315 1156 457 1191 quorum
471 1156 569 1191 saepe
584 1146 622 1181 fit
636 1147 764 1181 mentio
786 1146 820 1181 in
839 1146 911 1181 cod.
928 1146 1094 1192 epistolari
1108 1156 1192 1182 msc.
1207 1148 1288 1192 quin
1302 1147 1395 1184 ullibi
1404 1154 1593 1194 appareant.

222 1244 404 1286 Quaerenti
428 1245 581 1284 tandem,
606 1244 686 1289 quid
710 1245 756 1279 sit
778 1245 990 1280 statuendum
1014 1241 1056 1279 de
1078 1244 1355 1289 epigrammatico
1378 1245 1445 1280 hoc
1469 1244 1593 1292 Celtis

130 1312 229 1348 opere
271 1297 508 1347 respondemus
538 1302 671 1347 paucis:
703 1313 781 1350 esse
800 1302 835 1336 in
859 1312 918 1341 eo,
941 1302 1026 1336 bona
1042 1327 1052 1341 ,
1082 1301 1185 1341 mala,
1216 1309 1251 1337 et
1273 1302 1459 1350 mediocria
1473 1300 1599 1347 multa.v

126 1359 211 1394 Fore
251 1359 375 1402 absque
412 1359 637 1393 controversia
672 1359 819 1393 limatius
836 1383 845 1397 ‚
898 1359 1020 1394 tersius
1035 1384 1044 1398 ,
1071 1357 1333 1403 ⁴perfectiusque
1378 1357 1532 1393 ultimam
1562 1358 1595 1393 si

127 1425 269 1450 manum
292 1420 410 1448 auctor
436 1415 599 1458 potuisset
621 1416 792 1458 imponere
813 1414 888 1448 fatis
912 1404 1114 1458 prohibitus.'
1158 1415 1286 1454 Quodsi
1308 1414 1342 1448 in
1370 1414 1596 1458 epigramma

127 1472 218 1507 tibus
241 1471 366 1515 lepide,
391 1471 554 1509 breviter,
579 1475 761 1514 arguteque
781 1469 1018 1504 concludendis
1036 1480 1166 1503 summa
1184 1469 1236 1503 vis
1257 1477 1326 1508 est,
1350 1477 1385 1504 et
1406 1471 1588 1516 elegantia:

125 1528 225 1565 fateri
254 1534 405 1572 oportet,
449 1527 537 1562 haud
569 1528 676 1561 multa
706 1537 797 1563 esse,
831 1536 916 1570 quae
944 1526 1033 1560 hunc
1065 1526 1097 1560 in
1129 1536 1267 1560 censum
1296 1525 1416 1560 merito
1444 1527 1587 1565 venient.

131 1586 180 1622 At
202 1595 311 1631 neque
335 1584 448 1619 omnia
471 1583 586 1624 Persii,
616 1581 799 1632 ὄηυηιαίἰὲ,
832 1582 1007 1623 Martialis,
1040 1583 1148 1618 multo
1170 1583 1284 1619 minus
1308 1581 1454 1624 Ausonii,
1490 1596 1589 1630 quam

128 1643 258 1679 videtur
290 1641 414 1678 Celtis
442 1642 612 1679 imitatus,
643 1641 722 1676 iisce
752 1640 883 1675 dotibus
914 1641 1061 1686 praedita
1091 1646 1179 1675 sunt.
1238 1640 1363 1680 Quodsi
1390 1642 1591 1680 laudandum

127 1707 271 1735 nonest
299 1698 423 1733 Celtis
446 1710 548 1744 opus,
583 1705 744 1743 tanquam
777 1697 927 1731 numeris
957 1698 1111 1732 omnibus
1141 1694 1328 1732 absolutum
1338 1708 1348 1740 ;
1376 1698 1495 1732 saltem
1519 1710 1588 1734 non

125 1764 179 1793 est
201 1757 406 1802 carpendum
429 1756 614 1790 immodice.
652 1755 698 1790 Ut
713 1754 874 1799 judicium
897 1755 941 1789 sit
957 1765 1114 1799 aequum,
1138 1754 1189 1789 sas
1205 1760 1265 1793 est,
1289 1755 1448 1790 rationem
1464 1755 1587 1791 habere

124 1820 329 1860 temporum,
353 1814 472 1858 quihus
493 1820 609 1847 auctor
634 1813 730 1850 vixit,
754 1812 902 1857 scripsit,
927 1812 1045 1847 floruit.
1093 1811 1219 1852 Quodsi
1241 1818 1433 1855 reputamus
1455 1813 1585 1857 animal.
1641 1840 1643 1842 -

124 1882 210 1917 quae
240 1870 404 1906 barbaries
434 1876 509 1904 tum
539 1870 658 1904 aetatis
688 1869 904 1905 Germaniam
933 1869 1160 1913 occupaverit:
1189 1869 1306 1914 quibus
1331 1880 1406 1906 cum
1428 1872 1589 1908 monstris

129 1927 229 1962 Celti
258 1928 452 1963 luctandum
480 1926 597 1965 fuerit,
629 1926 709 1971 quin
740 1937 887 1971 unquam
916 1926 1136 1970 desponderet
1166 1925 1330 1961 animum:
1361 1934 1485 1972 quanta
1509 1939 1588 1964 cou-

125 1986 247 2020 stantIa
276 1985 386 2020 omnis
413 1984 546 2029 generis
579 1982 789 2018 difficultates
821 1983 1041 2029 superaverit,
1074 1982 1109 2016 in
1143 1982 1359 2026 provehendis
1384 1985 1589 2030 optimarum
1653 2028 1657 2031 .

125 2041 308 2078 litterarum
329 2042 470 2079 studiis:
507 2041 624 2078 mitius
648 2041 690 2077 de
712 2040 879 2077 laboribus
903 2041 978 2087 ejus
999 2038 1168 2076 litterariis
1191 2041 1389 2084 sentiemus,
1419 2041 1583 2084 maxime.
