1834 2439
726 139 728 141 ’
784 137 1012 175 mt'toeosu.
1381 169 1385 172 ,
1545 144 1604 176 131

468 230 606 277 Regios
617 225 660 266 ex
683 228 721 266 iis
746 228 928 276 vigilando
937 241 1059 266 sensus
1118 232 1121 235 ⁴
1170 227 1172 229 ’

469 288 623 335 Syllabae
646 293 794 333 tempus;
819 289 919 324 simul
940 295 975 324 et
996 289 1148 324 decorem

471 345 638 382 Carminis
664 344 752 379 furor
774 356 868 393 meus
891 358 927 380 es
951 346 1059 391 poesis

166 446 170 448 .
844 402 974 438 Author
999 403 1034 436 in
1057 408 1139 437 arte.

171 463 174 465 ’
242 444 292 494 De
319 457 476 492 Boudicca
501 452 671 506 Chelidonia
692 457 821 500 legendi
843 464 921 493 sunt
944 457 1135 504 Zegelbauer
1156 459 1193 493 T.
1215 458 1276 507 IV.
1298 457 1389 507 Hist.
1412 457 1513 507 litter.
1539 460 1611 496 ord.

143 528 178 559 s.
202 515 328 552 Bened.
361 513 416 550 W
416 514 485 549 Iltus
515 514 551 549 in
580 513 703 549 Lexico
732 515 822 550 erud.
853 515 1014 559 Nor-imm
1044 516 1100 551 ubi
1126 516 1227 551 etiam
1260 513 1422 551 Chelidonii
1450 517 1610 553 nonnulla

152 583 250 618 opera
272 576 494 609 recensentur.

187 632 200 644 ’
243 642 306 677 IV.
347 641 528 686 Reliquum
552 616 661 675 toturn
689 641 756 677 fere
779 653 860 688 opus
885 642 1032 678 continet
1054 644 1185 678 notulas
1209 643 1367 683 musicas,
1399 643 1442 677 ad
1466 654 1608 687 quarum

153 699 404 746 praescriptum
423 698 504 733 odae
535 697 625 738 illae,
660 698 702 733 de
731 699 851 744 quibus
883 711 985 746 supra
1012 700 1102 735 facta
1129 705 1181 734 est
1211 700 1354 739 mentio,
1388 700 1608 735 modulandae

152 763 242 792 sunt.
291 755 451 793 Discuntus
473 760 500 788 et
530 745 622 789 Teuor
644 753 764 799 (liceat
785 757 880 806 nobis
900 768 978 792 cum
1001 757 1140 804 musicis
1161 755 1275 801 loqui)
1298 763 1461 801 occupant
1483 757 1606 792 faciem

151 814 305 851 foliorum
326 824 444 856 unam3
466 812 620 853 alteram,
643 813 814 860 eidemque
833 815 1035 860 oppositam,
1059 799 1122 849 sibi
1141 814 1308 850 vindicant
1326 812 1417 848 Altus
1435 819 1463 847 et
1479 813 1608 848 Barrus.

152 864 251 906 Notae
273 870 419 905 musicae
443 870 494 903 his
517 870 585 904 fere
609 869 734 905 similes
755 876 853 911 sunt,
885 882 1025 915 quorum
1048 877 1102 906 est
1124 882 1204 905 usus
1228 871 1263 904 in
1286 869 1397 904 cheralt·
1417 875 1538 911 cantu,
1570 877 1611 905 ut

79 947 82 950 ,
150 929 236 979 solet
265 927 440 974 appellari,
475 925 627 971 dispositi
656 927 689 961 in
718 927 799 961 scala
829 927 975 973 quinque
1005 927 1178 962 linearum.
1242 926 1431 962 Affirmanti
1461 927 1607 969 Denffio,

151 999 224 1023 esse
254 991 338 1021 notas
367 984 435 1020 aeri
453 984 611 1024 incisas,
647 984 841 1032 contradicit
872 984 1000 1031 Zapfius
1044 985 1080 1021 Ρ.
1106 985 1143 1019 Π.
1185 984 1275 1020 Hist.
1298 990 1427 1030 typogr.
1463 985 1609 1031 August.

150 1056 180 1089 p.
208 1045 267 1083 26,
297 1044 416 1078 rectius
439 1042 661 1083 contendens,
686 1053 761 1077 esse
781 1053 823 1080 ex
842 1054 918 1086 aere
936 1042 1047 1083 fusas,
1071 1043 1221 1082 mobiles,
1245 1042 1471 1076 nitidissimas.
1518 1042 1607 1076 Inter

151 1103 231 1137 odas
244 1128 252 1142 ‚
277 1101 394 1146 quibus
415 1098 542 1134 moduli
565 1099 684 1134 musici
708 1100 901 1145 praescripti
920 1106 1018 1147 sunt,
1043 1100 1191 1145 primum
1213 1099 1324 1147 locum
1346 1104 1455 1140 tenet,
1487 1094 1609 1134 Horatii

150 1159 273 1203 prima:
306 1157 465 1192 Maecenas
487 1156 584 1203 atavis
605 1154 677 1189 edite
699 1154 832 1200 regibus‚·
857 1157 899 1191 ad
922 1156 1016 1201 cujus
1042 1156 1262 1190 imitationem
1285 1156 1434 1190 confecta
1459 1166 1535 1190 cum
1561 1149 1609 1191 sit

153 1214 255 1249 Celti
261 1225 276 1247 s
298 1214 379 1254 ista,
415 1213 534 1259 pariter
558 1212 684 1257 prima:
724 1210 834 1258 Caesar
852 1212 1020 1258 >magnificis
1042 1209 1176 1254 laudibus
1198 1207 1342 1256 inclytzai‚·
1377 1211 1522 1257 proclive
1545 1212 1609 1248 erit

152 1282 260 1308 rerum
283 1271 409 1315 peritis,
434 1271 566 1314 exigere
585 1270 681 1319 hujus
704 1270 806 1306 etiam
827 1270 983 1306 carminis
1007 1274 1143 1305 cantum
1164 1271 1207 1305 ad
1230 1269 1407 1305 melodiam
1431 1270 1584 1305 eandem.

185 1386 190 1388 -
245 1361 287 1397 V.
326 1361 416 1396 Idem
438 1360 506 1395 fere
529 1361 744 1395 statuendum
767 1365 818 1396 est
841 1361 882 1395 de
906 1359 1018 1406 hymnis
1038 1360 1255 1400 ecclesiasticis,
1280 1359 1336 1404 qui
1356 1351 1438 1395 vsunt:
1458 1360 1608 1405 ejusdem

152 1420 248 1455 metri
268 1417 556 1471 cumsHoratianiu
578 1418 688 1453 velut:
719 1416 861 1452 Conditor
875 1417 950 1452 alme
964 1416 1097 1463 syderum
1112 1422 1164 1452 etc.
1194 1419 1225 1449 A
1239 1416 1311 1451 solis
1329 1422 1409 1452 ortus
1423 1416 1538 1451 cardine
1551 1421 1606 1453 etc.

244 1511 299 1547 VJ.
338 1509 536 1547 Recensioni
557 1504 759 1556 hymnorum
783 1508 1097 1552 ecclesiasticorum3
1119 1508 1304 1545 adnectitur
1325 1508 1472 1543 clausuta:
1511 1509 1607 1549 „Im-

153 1579 336 1614 „pressum
354 1567 510 1613 Augustae
529 1567 764 1602 Vindelicorum‚
783 1568 916 1612 ingenio
935 1573 970 1602 et
988 1566 1150 1602 industria
1165 1566 1302 1603 Erhardi
1322 1565 1431 1609 Oglin,
1455 1566 1610 1611 expensis

153 1623 319 1674 „Joannis
342 1620 488 1666 Rimaun,
511 1626 592 1660 alias
615 1623 651 1659 de
676 1623 779 1659 Canna
801 1630 838 1659 et.
851 1623 1022 1668 Oringen.“
1271 1640 1275 1644 ·

210 1694 213 1697 ’
244 1695 293 1729 De
310 1705 345 1729 re
364 1694 600 1739 typographica
619 1694 701 1729 bene
718 1693 859 1727 meritus
876 1689 1035 1726 Erhardus
1059 1689 1202 1735 ogtinus‚
1226 1689 1335 1725 dictus
1356 1690 1458 1725 etiam
1479 1689 1605 1737 Oeglin,

152 1749 313 1794 sanguin,
358 1750 492 1789 Ocellus,
531 1751 655 1795 primus
686 1755 774 1789 erat,
815 1748 871 1793 qui
908 1749 998 1793 apud
1029 1747 1226 1792 Augustmses
1265 1748 1362 1782 libros
1398 1749 1610 1793 procuderet,

149 1807 321 1842 Hebraicis
357 1819 437 1844 usus
469 1808 639 1850 formulis;
683 1812 720 1841 ut
756 1811 847 1852 patet
880 1816 922 1841 ex
955 1802 1094 1853 Joannis
1126 1803 1368 1840 Boeschensteinii
1404 1804 1610 1842 Elementari

154 1865 392 1900 introductione
420 1865 514 1901 ¹5¹4.
551 1876 585 1910 4.

248 1921 424 1957 Clausulae
440 1923 627 1966 praedictae
643 1919 809 1956 subtexuit
831 1916 951 1953 Celtis
969 1919 1172 1964 epigramma
1193 1919 1228 1954 in
1246 1919 1376 1955 laudem
1391 1920 1612 1967 typographi,

158 1981 214 2027 qui
243 1979 370 2025 primus
400 1978 487 2028 inter
513 1981 697 2016 Germanos
726 1988 797 2013 rem
826 1977 989 2023 musicam
1018 1976 1151 2024 notulis*
1169 1987 1246 2013 aere
1276 1976 1357 2023 fusis
1386 1977 1616 2016 illustraverit.

216 2038 223 2046 “
248 2037 294 2073 it:

158 2039 246 2085 lump
502 2080 583 2119 Ivnter
606 2080 768 2119 Germanos
788 2085 901 2117 nostros
912 2080 980 2126 fuit
1003 2078 1096 2127 Oglin
1119 2079 1287 2119 Erhardus.
