1834 2439
493 136 540 162 οε
562 115 732 162 niveasre
755 132 1002 162 massonum
1026 133 1184 161 swnns.
1504 129 1565 161 421

110 240 127 263 ι,
204 219 446 266 Argumentum
469 219 627 255 carminis
651 218 805 265 exprimit
830 216 955 254 Celtis
983 217 1048 254 hac
1072 216 1312 263 inscriptione:
1355 213 1446 261 Quod
1464 215 1570 252 diversi

110 276 154 314 ad
172 277 287 314 divorsa
307 276 490 313 sucdianati
510 282 586 311 mut.
633 276 765 320 Incipit:

407 344 517 386 Quam
540 343 640 379 variis
662 338 740 378 fatis
763 343 920 379 coelestia
942 345 1062 390 sydera
1086 348 1215 379 mentes

495 401 693 448 Exagitent,
716 407 832 436 nostro
854 402 998 438 carmine
1020 408 1099 437 nota
1122 401 1219 437 dabo·

200 483 392 530 moguntiae,
416 483 472 518 ubi
491 481 686 517 morabatur
703 481 789 516 circa
806 492 934 517 annum
957 482 1052 519 1491.
1092 482 1195 517 fuisse
1211 482 1273 516 hos
1288 491 1404 517 versus
1419 492 1440 517 a
1461 479 1569 516 cette

110 542 332 587 conscriptos,
364 541 443 575 inde
473 538 684 584 conjicimus,
715 539 802 583 quod
829 538 971 585 Ursulae,
1005 538 1130 581 Gallae,
1164 540 1235 575 sive
1257 538 1417 575 Rhenanae*
1441 540 1476 575 in
1500 540 1567 575 illis

110 599 209 634 saciat
238 598 454 633 mentionem.
515 595 596 631 Inde
623 595 747 630 factum
777 606 853 630 esse
883 596 1099 637 arbitramur,
1134 602 1173 631 ut
1204 597 1238 632 in
1268 598 1364 632 terris
1396 597 1567 632 Rhenanis

109 655 236 690 facilius
259 655 479 689 innotesceret
486 664 496 696 ;
520 653 676 699 typisque
698 653 889 697 vulgaretur
911 652 1114 697 Franctfitrti,
1137 654 1261 698 absque
1281 654 1450 690 mentione
1472 653 1565 694 anni.

108 718 194 747 teste
216 710 364 746 Fabricio.
421 709 551 757 Caspare
570 716 683 745 autem
706 709 870 752 Bahrdu‘o,
894 711 954 755 qui
974 711 1062 746 idem
1085 722 1220 746 carmen
1243 711 1359 747 retulit
1380 710 1564 750 Adversar.

109 767 181 804 Lib.
205 768 289 804 LIV.
312 778 382 813 cap.
409 769 463 803 16.
486 768 682 808 edocemur,
706 778 746 802 se
767 767 848 804 illud
869 768 1030 813 reperisse
1050 768 1191 803 Coloniae
1207 767 1405 814 Agrippinae.
1453 766 1564 803 Lubet

108 823 252 861 Bahrdlii
274 826 388 866 verba,
418 825 541 873 quibus
558 836 630 873 rem
651 830 799 862 enarrat.
823 825 888 861 huc
911 826 1163 870 transscribere;
1185 827 1306 872 quippe
1322 837 1406 872 quae
1425 825 1468 861 ad
1484 822 1566 860 dicti

106 882 262 917 carminis
284 877 477 922 censuram,
500 882 802 926 praestantiamque
820 893 1020 927 magnopere
1039 883 1182 918 faciunt:
1222 885 1331 924 Dum,
1362 882 1473 927 inquit
1492 883 1513 917 1.
1534 874 1566 916 c.

105 939 225 980 rimor,
248 949 407 979 excurro,
431 938 603 983 perquiro,
633 944 732 983 atque
755 939 875 983 indago
896 939 1010 974 omnia
1029 939 1231 985 exemplaria
1249 945 1382 975 vetera..
1408 950 1565 974 nonnun-

108 1006 210 1041 quam
232 994 358 1030 felicior
381 1005 473 1034 sum,
497 1005 598 1039 quam
613 1006 744 1041 sperare
763 997 856 1041 potui
876 1006 1038 1041 unquam:
1062 996 1173 1031 incido
1194 997 1285 1032 enim
1298 996 1334 1031 in
1349 1001 1569 1030 monumenta

108 1054 205 1092 talia,
230 1059 270 1087 ut
287 1063 406 1096 operae
425 1052 568 1096 pretium
587 1052 623 1086 in
640 1052 766 1097 majore
782 1053 885 1098 etiam
898 1053 964 1088 alia
983 1053 1212 1098 perscrutandi
1229 1052 1400 1097 diligentia
1415 1051 1569 1095 deinceps

86 1110 150 1145 ·ab
172 1109 290 1144 horum
312 1109 475 1153 elegantia
498 1108 649 1145 facturus
672 1110 756 1145 mihi
779 1110 901 1158 videar.
949 1110 1040 1145 Inter
1057 1110 1157 1155 digna
1175 1110 1337 1146 memoria
1356 1116 1568 1155 posterorum

106 1177 227 1200 censeo
250 1171 285 1200 et
307 1166 411 1206 hanc,
450 1176 551 1209 quam
581 1177 671 1201 nunc
698 1161 845 1210 produco
872 1165 1025 1211 rugiam,
1054 1168 1154 1211 piam,
1184 1165 1352 1206 cordatum,
1383 1166 1565 1209 eloquuntur»,

108 1227 268 1265 comptam,
299 1234 349 1256 nec
370 1222 511 1256 malorum
531 1228 705 1268 temporum
733 1228 771 1258 ut
792 1223 864 1259 visa
886 1229 948 1258 est.
1010 1223 1231 1269 Transscripsi
1253 1229 1370 1258 autem
1393 1234 1436 1257 ex
1457 1233 1566 1258 mem-

110 1279 271 1314 branaceo
305 1280 422 1315 codice
454 1278 639 1320 Coloniensi,
673 1280 840 1317 variarum
871 1291 1002 1318 rerum.
1037 1292 1140 1328 quem
1169 1287 1247 1318 ante
1276 1280 1395 1316 aedem
1424 1280 1566 1316 fratrum

107 1336 275 1371 Minorum
296 1336 341 1371 ibi
363 1338 644 1381 praestinavimus.

201 1415 361 1453 Adducto
387 1418 532 1452 carmine
557 1418 604 1453 im
617 1417 845 1464 prosequitur:
869 1418 1002 1459 „Multa
1015 1418 1132 1454 allusio
1148 1418 1347 1465 optimorum
1361 1417 1563 1463 scriptorum

107 1475 142 1510 in
166 1475 230 1509 hoc
253 1467 399 1509 carmine
422 1480 583 1519 superest.
617 1476 817 1521 Quanquam
836 1475 1018 1521 perfectum
1039 1487 1112 1512 esse
1133 1488 1200 1512 non
1220 1476 1417 1512 existimem.
1456 1473 1563 1509 Multa

106 1537 206 1571 sunt,
237 1542 323 1576 quae
346 1543 413 1566 nou
435 1542 511 1566 eam
534 1537 678 1568 aetatem
706 1532 874 1573 redolent,
904 1542 1004 1578 quam
1027 1528 1104 1579 prae
1130 1544 1167 1568 se
1190 1533 1276 1568 ferre
1299 1533 1450 1567 videatur
1471 1530 1562 1576 prin-

108 1588 242 1632 cipium.
288 1588 439 1623 Priorum
461 1590 502 1623 de
525 1600 644 1633 genere
666 1596 736 1625 est:
758 1588 988 1633 Nominibusque
1009 1589 1103 1624 tribus
1124 1589 1230 1625 nobilis
1252 1601 1311 1624 esse
1329 1593 1416 1634 cupit.
1463 1587 1565 1629 Quod

106 1644 271 1693 juvenalis
294 1644 436 1679 illustrat
457 1643 593 1688 Angelus
613 1646 779 1680 Petiliam
801 1646 939 1680 Miscell.
965 1639 1035 1689 cap.
1060 1656 1115 1689 31.
1161 1645 1311 1680 Deducere
1332 1656 1432 1679 versut
1450 1644 1563 1679 Maro-

67 1703 71 1706 ’
105 1702 254 1737 nianum.
292 1699 379 1736 Stare
392 1712 495 1746 poema
509 1701 742 1737 Horatianum.
781 1700 873 1735 Recto
890 1705 951 1734 stat
960 1699 1069 1745 sabula
1088 1701 1163 1742 talo,
1186 1702 1414 1738 Claudianum.
1457 1699 1563 1736 Anna

106 1759 167 1793 sinc
187 1756 264 1793 calce
286 1759 454 1803 Caligulae
476 1764 528 1793 est
549 1759 591 1793 de
614 1757 751 1809 Seneca.
807 1756 920 1802 Atque
940 1757 1010 1802 ejus
1035 1759 1166 1803 generis
1188 1759 1281 1804 plura
1303 1759 1426 1794 insunt.
1484 1757 1562 1793 Alia

108 1821 267 1860 arguunt,
290 1817 355 1852 sub
369 1815 478 1851 Roma
490 1815 560 1861 j'am
574 1815 696 1850 Rotam
713 1824 811 1850 suam
832 1815 963 1852 colente
985 1817 1145 1862 scriptum
1167 1816 1231 1852 hoc
1254 1827 1399 1853 carmen.
1446 1815 1563 1863 Itaque

110 1873 152 1910 de
174 1878 285 1910 aetate
305 1886 373 1910 non
395 1873 504 1909 ausim
527 1873 728 1909 concludere.
773 1871 886 1909 Etiam
904 1872 1140 1911 Alchimiseun
1163 1875 1332 1910 incessunt
1353 1874 1428 1911 illa:

360 1953 428 1992 Hic
450 1956 585 2000 cupidus
609 1954 711 1991 tacito
732 1948 904 1990 dementat
922 1955 958 1991 in
980 1955 1270 2001 ignemetallum,

469 2012 677 2050 fremitum
698 2012 818 2058 spebus
839 2023 940 2049 aurea
960 2012 1047 2050 dona
1070 2013 1149 2051 suis.
