1834 2439
216 144 280 176 122
750 148 824 174 ιιι.
849 147 892 174 u.
936 146 1172 173 en.-xv1u.·
1215 151 1217 153 >

309 234 396 270 Nam
417 232 575 267 dementare
597 229 772 266 metallum
796 226 1049 274 intelligendum
1069 229 1229 268 arbitror.
1250 229 1404 274 spiritum
1421 231 1469 272 illi
1488 235 1680 278 extrahet&

214 298 257 327 ut
278 291 415 327 memini
439 291 501 324 hoc
522 297 629 331 genus
653 287 825 330 hominum
849 285 962 330 loqui!
1002 287 1184 331 Hucusque
1205 286 1391 325 Bakrdtim.
1422 289 1481 334 qui
1505 291 1678 333 carminis,

215 349 304 395 quod
327 346 508 386 recensuit,
533 351 705 379 auctorem
729 345 955 396 ignoraverat.

305 413 447 450 Bahrdtii
471 414 536 449 hac
558 414 691 459 cognita
713 412 807 455 crisi,
833 413 993 463 indicavit
1006 413 1144 449 Placcius
1161 425 1192 459 p.
1209 414 1263 449 66.
1279 412 1416 451 Theatr.
1436 414 1546 452 Anon.
1564 416 1676 455 Hamb.

221 475 323 509 1708.
355 466 706 508 auctorem'carminis
735 483 812 506 esse
837 470 996 509 Celtem‚·
1026 473 1153 517 sibique
1180 478 1370 518 suppetere·
1379 475 1548 519 exemplar·
1572 476 1679 517 aliud,

214 542 279 566 non
310 530 447 564 vocibus
479 536 628 569 tantum,
665 529 735 563 sed‘
754 530 906 564 versibus
944 530 1046 564 etiarn·
1081 530 1249 564 diversum
1280 531 1321 564 ab
1355 541 1396 563 eo
1409 554 1416 568 ,
1458 533 1546 574 quod
1580 533 1681 575 edidit

214 584 388 623 Bahrdtius,
437 585 610 628 Promisit,
633 598 670 623 se
690 586 942 633 divulgaturum
964 587 1247 634 type-tempore
1269 583 1455 624 commodo.
1501 587 1558 626 An
1580 590 1679 627 fidem

214 646 415 686 liberaverit,
440 657 495 680 me
520 646 609 680 clam
633 652 694 681 est.

236 748 238 751 ,
309 714 495 760 Superstite
525 714 636 749 adhuc
668 712 791 755 Ceste,
827 713 967 749 eandem
996 713 1159 759 elegiam,
1191 713 1279 758 quod
1311 713 1501 760 conjectare
1530 714 1610 752 licet
1641 727 1683 753 ex

215 773 355 818 epistola
379 774 620 817 nuncupatoria
643 763 697 807 an.
721 774 818 806 ¹507.
870 772 1002 806 Viennae
1024 772 1100 806 data
1123 771 1165 805 ad
1184 768 1340 817 joannem
1363 772 1399 806 de
1421 773 1537 813 baala,
1564 773 1683 811 Celtis

216 829 427 873 discipulum,
459 826 525 872 (de
547 840 613 872 quo
636 826 761 872 alias),
793 828 883 873 typis
907 827 1024 875 excudi
1046 826 1125 861 fecit
1147 825 1324 860 Ambrosius
1347 827 1440 869 Pero,
1471 829 1535 865 hac
1558 830 1684 867 mione

215 885 428 932 inscriptum:
456 884 491 923 C.
518 884 642 923 Celtis
666 891 765 933 poetae
785 897 900 921 carmen
923 886 1040 931 elegans
1061 883 1097 919 de
1116 883 1255 926 diversis,
1285 891 1313 919 et
1333 884 1482 921 inutilibus
1503 887 1626 928 stadiis,
1656 894 1686 923 et

215 939 351 978 inanibus
371 946 450 978 curis
472 944 649 978 mortalium.
712 945 833 978 Utrum
859 943 991 977 Viennae
1013 943 1094 976 haec
1117 943 1218 976 editio
1242 942 1357 977 viderit
1379 944 1506 984 lucem,
1536 954 1684 989 pronun·

217 1000 302 1036 tiare
332 1012 401 1036 non
430 1001 557 1038 ausim:
589 1001 620 1035 si
649 995 853 1045 quidem'ea
883 1000 925 1035 de
954 1010 991 1040 re¹
1018 999 1137 1034 sileant
1160 997 1305 1034 Schierius
1328 1005 1363 1035 et
1383 999 1524 1035 Denisius
1548 1002 1582 1036 in
1605 1001 1684 1039 hist.

219 1063 352 1103 typogr.
379 1058 497 1093 Vienn.
550 1059 639 1095 Huic
668 1058 793 1103 elegiae
823 1056 971 1103 praefixit
998 1056 1075 1091 Pero
1098 1056 1248 1101 epistolam
1270 1055 1403 1102 Luciferi
1424 1057 1468 1092 ad
1487 1058 1580 1093 malos
1597 1060 1685 1103 prin-

216 1116 295 1160 cipes
310 1115 532 1152 ecclesiasticam
555 1126 639 1160 quae
660 1116 791 1160 incipit:
815 1114 954 1158 Lucifer,
971 1115 1109 1160 peinceps
1127 1113 1305 1148 tenebrarum
1321 1121 1383 1149 etc.
1420 1115 1569 1151 Desinit:
1594 1115 1685 1151 Anno

215 1182 236 1206 a
252 1165 367 1217 palatii
388 1174 493 1207 nostrii
513 1173 666 1223 fractione
694 1173 846 1220 millesimo
874 1173 1065 1216 tricmtcsimo
1093 1173 1329 1217 quinquagesimo
1354 1173 1461 1218 primo.
1518 1168 1688 1209 Beelzebub

215 1236 309 1265 vester
339 1230 473 1276 specialis
505 1232 627 1266 amicus.
696 1232 733 1267 ln
768 1232 971 1267 bibliotheca
1001 1229 1145 1272 Ber-nensi
1179 1226 1354 1265 servantur
1387 1231 1489 1274 ipsius
1523 1233 1685 1277 epistolae

216 1281 418 1333 exemplaria
440 1288 507 1323 duo
528 1301 626 1329 msc„
657 1289 742 1324 inter
764 1300 802 1323 se
825 1290 965 1324 diversa.
1025 1289 1135 1323 Unum
1165 1298 1208 1321 ex
1240 1288 1309 1326 his,
1340 1290 1430 1333 typis
1460 1290 1682 1332 exscriptum,

217 1344 378 1380 insertum
400 1352 454 1381 est
478 1347 514 1382 in
539 1345 641 1392 Tempe
664 1346 817 1381 Helvetica
833 1337 869 1392 'P-
895 1350 973 1390 638.
1023 1346 1143 1381 {bidem
1168 1345 1332 1381 indicatur
1353 1345 1512 1390 ejusdem'
1525 1347 1685 1390 epistolae

217 1404 390 1437 translatio
413 1404 513 1437 etiam
537 1404 645 1447 aliqua
667 1404 856 1438 Theodisca
879 1404 1042 1447 publicata
1066 1404 1165 1445 typis.

313 1470 379 1506 An.
409 1471 504 1505 ¹520.
552 1470 722 1523 Elegiam.
753 1470 794 1505 de
824 1481 889 1515 qua
921 1470 974 1504 hic
1000 1469 1149 1513 agimus,
1178 1480 1247 1504 una
1278 1480 1355 1504 cum
1386 1469 1508 1506 Cettis
1536 1460 1685 1508 carmine

216 1525 333 1566 alio‘in
352 1526 468 1561 taudem
485 1529 652 1567 senectutis,
675 1539 717 1562 ex
741 1528 808 1562 Lib.
832 1527 885 1561 lV.
907 1527 1067 1562 Amorum
1093 1527 1183 1570 Eleg.
1206 1526 1278 1565 lV.,
1304 1525 1427 1571 Lipsiae
1446 1529 1510 1564 luci
1533 1531 1684 1574 exposuit

214 1581 357 1634 joannes
376 1583 604 1631 Hmburgius,
629 1582 910 1631 Erythropolitanus
926 1579 1230 1630 (Rottinbur'gensis
1247 1585 1289 1620 ad
1307 1585 1485 1631 Tuberam)
1503 1585 1684 1624 dedicavit-

216 1655 280 1689 que
298 1642 506 1689 aristophan
523 1643 782 1689 ffigendorphim,
807 1643 925 1678 celebri
945 1643 1079 1677 scholae
1093 1643 1348 1678 Selestadiensis
1366 1644 1546 1689 magistro,
1572 1641 1686 1681 Graece

217 1707 245 1735 et
263 1700 371 1735 Latine
390 1701 484 1737 docto.
533 1701 720 1744 praemittit
735 1702 940 1746 epigramma
958 1701 1001 1736 ad
1017 1700 1192 1742 lectorem,
1216 1701 1348 1746 plenum
1364 1703 1541 1743 encomiis,
1566 1690 1691 1746 quibus

223 1757 362 1793 celtem
385 1757 489 1792 effert.
537 1759 692 1793 Initium:

472 1825 583 1861 Cessit
606 1826 642 1859 in
663 1826 864 1869 astrigerum
888 1827 967 1860 dum
990 1828 1156 1872 quondam
1175 1825 1296 1860 Celtis
1309 1827 1520 1871 Olympum:

592 1883 638 1918 Et
661 1883 753 1929 Jovis
776 1882 922 1917 aetherei
944 1882 1059 1917 limina
1082 1884 1174 1918 celsa
1196 1882 1292 1918 subit.

313 1965 405 2001 Finis
428 1964 622 2000 istiusmodi
654 1970 728 2011 est:
1218 1998 1221 2001 Α

474 2033 626 2070 Plaudite
649 2032 833 2073 Germani,v
851 2042 937 2078 quos
952 2042 1110 2079 praesens
1132 2031 1295 2078 conspicit
1313 2038 1428 2074 aetasf

544 2091 693 2130 Quorum
716 2098 751 2126 et
774 2090 882 2127 adhuc
905 2090 1002 2129 viridi
1024 2096 1174 2136 tempora
1195 2089 1276 2127 flore
1294 2091 1435 2136 vigens·
