1834 2439
739 131 962 158 mammem.
1518 126 1580 161 129

107 230 150 258 ‘a
186 216 326 254 Fuisse
348 213 495 250 Celtem
509 216 683 261 utriusque
695 210 848 251 musicae
860 216 1035 261 pertinacem
1046 210 1213 254 auidiorem,
1237 212 1410 249 contendit
1420 213 1578 249 sodalitas

117 266 273 316 m
301 273 463 309 Rhenana
495 272 530 307 in
563 272 636 317 ejus
667 272 747 308 vita.
788 274 895 308 lnde
923 283 943 307 a
974 271 1130 317 pueritia,
1167 277 1202 305 et
1231 282 1291 316 per
1319 277 1579 315 consequentem

116 337 260 367 aetatem
290 335 451 365 tractasse
481 334 586 363 artem
615 331 793 370 musicam,
826 341 870 364 ex
899 330 985 364 illius
1017 328 1215 378 carminibus
1245 328 1371 368 affatim
1403 328 1577 372 colligitur.

87 404 89 406 >
116 389 178 424 Uti.
202 388 246 423 ad
276 385 527 433 promovendas
550 390 677 419 ceteras
707 385 855 421 liberales
883 392 987 426 artes,
1018 387 1064 420 ita
1094 387 1137 420 ad
1165 386 1381 421 excolendam
1410 385 1577 420 musicam

114 444 280 480 convertit
301 441 451 477 animum
457 452 467 483 ς
498 442 586 484 quod
610 452 765 486 praesens
789 453 871 486 opus
895 443 1064 477 musicum
1087 450 1310 477 contestatum
1333 443 1424 477 facit.
1484 443 1573 477 Usus

114 507 166 536 est
187 498 370 535 Cettirad
390 497 471 533 illud
491 497 724 542 perficiendum
746 497 955 543 potissimum
975 511 1073 544 opera
1091 499 1175 534 Petri
1197 498 1338 539 Pitonii,
1361 505 1389 533 et
1404 498 1575 541 sodalitatis

113 550 290 593 litterariam
309 553 586 600 quemadmodum
603 554 747 588 declarat
765 554 874 598 operis
892 555 1070 600 inscriptio.
1117 556 1198 596 Quis
1219 555 1317 590 fuerit
1336 557 1389 590 ille
1412 555 1573 595 Tritonius,

92 613 233 661 ‚fatetur
251 611 393 646 Denisius
416 622 447 656 p.
472 614 549 653 508.
574 609 697 645 Garell.
721 610 877 646 Biblioth.
902 622 940 646 se
965 612 1123 656 ignorare.
1170 613 1230 647 Per
1252 611 1433 647 sodalitatem
1456 619 1572 649 autem

109 670 304 709 litterariam,
334 680 419 715 quae
442 660 775 713 contuleritroperam
803 668 946 710 sociam,
978 676 1091 705 censet
1114 671 1134 704 1.
1157 682 1185 704 c.
1211 668 1368 710 Denisius,
1403 671 1571 715 doeignari

111 724 302 761 Bavaricam.
357 725 430 761 Nos
461 736 541 761 vero
571 724 759 768 opinamur,
794 724 948 763 celticam.
980 725 1192 760 Danubianam
1217 727 1373 770 intelligi,
1407 738 1509 771 quam
1532 729 1568 762 in

111 782 207 818 titulo
232 781 356 817 Celtis
377 781 557 827 appellavit
577 787 714 817 nostram.
762 782 889 823 Quibus
913 784 1054 824 accedit,
1079 783 1167 828 quod
1188 783 1293 818 Petrus
1322 782 1489 824 Tritonias,
1514 785 1569 820 cui

111 844 277 883 tanquam,
293 839 398 874 sodali
421 838 593 883 praecipuo
613 839 810 873 nominatim
833 839 1030 874 adscribitur
1050 839 1147 883 hujus
1165 840 1289 884 negotii
1309 841 1433 883 gestio,
1458 840 1570 874 Danu-

109 893 230 935 bianae,
256 900 315 930 aut
340 893 465 929 Celticae
490 894 655 929 sodalitati
679 893 779 928 fuerit
799 894 993 936 adscriptus.
1057 895 1138 930 Erat
1166 894 1315 930 Tritonius
1337 896 1443 941 patria
1474 894 1571 940 Tyro-

108 953 212 993 temis,
234 954 290 998 qui
312 950 450 987 Acherini
472 952 574 986 etiam
598 962 720 986 nomen
741 951 804 986 sibi
825 932 1037 996 imposuerat.
1084 952 1211 987 Brixini
1231 963 1309 987 eum
1327 952 1430 988 vitam
1449 953 1572 997 egisse,

107 1010 187 1045 ludo
206 1009 364 1044 litterario
390 1008 597 1053 praefectum
630 1019 651 1042 a
668 1006 836 1042 Dmidibus
861 1008 1003 1043 missum
1021 1009 1056 1043 in
1072 1009 1218 1049 Italiam,
1247 1008 1369 1042 Patavii
1387 1010 1572 1053 magisterii

108 1066 329 1113 philosophici
359 1066 543 1111 insignibus
566 1066 778 1106 decoratum,
810 1075 1018 1110 nuncupasse
1048 1063 1192 1101 Celtem
1221 1071 1432 1111 praeceptorem
1456 1076 1569 1106 suum,

107 1130 198 1158 sorte
229 1124 398 1168 suaapud
420 1122 615 1157 Briximnses
636 1122 746 1156 minus
770 1127 981 1162 contentum,
1014 1132 1153 1166 rogasse
1180 1121 1339 1162 Cenem,
1372 1128 1410 1157 ut
1436 1122 1573 1156 Wennae

108 1180 171 1215 sibi
200 1173 397 1225 prospiceret
425 1179 467 1214 de
498 1179 640 1214 statione
669 1178 829 1218 honesta,
870 1180 954 1223 quae
985 1178 1094 1222 magis
1127 1179 1292 1224 placeret,
1333 1179 1569 1223 spospondisse

110 1236 208 1272 Celti
226 1235 383 1271 Athesinae
405 1236 499 1271 valiis
523 1234 794 1280 descriptionem,
808 1251 811 1255 r
825 1235 1002 1270 edocemur
1023 1246 1067 1270 ex
1097 1234 1223 1270 Tritonii
1244 1235 1391 1281 epistolis
1414 1246 1500 1272 msc.
1523 1236 1567 1271 ad

110 1293 248 1327 Celtem
282 1294 366 1327 datis
402 1304 455 1326 an.
494 1294 578 1324 ¹602
611 1298 645 1326 et
681 1293 779 1326 1503.
850 1292 1108 1327 Succedentibus
1141 1293 1237 1327 annis
1270 1293 1367 1327 Ludo
1401 1292 1563 1326 litterario

106 1349 233 1385 Bolsani
255 1348 404 1394 (Bozen)
431 1350 632 1394 praefectum
652 1348 754 1383 fixisse
783 1347 946 1383 Triennium
968 1350 1065 1384 testis
1089 1354 1141 1384 est
1166 1349 1256 1384 Vatw
1281 1348 1360 1383 Bild
1379 1349 1465 1394 apud
1485 1347 1561 1383 Pla-

51 1452 54 1456 ι
106 1408 203 1442 aidum
224 1408 330 1442 Braun
357 1407 430 1441 Vol.
455 1406 512 1442 1V.
537 1406 632 1440 notit.
659 1405 758 1440 litter.

638 1513 642 1515 -
702 1467 968 1505 CONTENTA:

157 1526 192 1573 1)
214 1527 317 1564 Celtis
335 1526 575 1572 epigrammata
591 1525 679 1561 duo:
696 1526 841 1561 alterum
855 1525 898 1561 ad
915 1524 1128 1571 musiphilos5
1154 1525 1293 1561 alterum
1311 1525 1353 1559 ad
1369 1522 1561 1572 eJ'oralanum,

220 1585 462 1621 modulatorem
486 1584 733 1629 Augustanum.

134 1656 188 1701 a)
211 1654 350 1695 Tabula,
374 1664 461 1699 quae
484 1652 617 1687 exhibet
639 1653 705 1687 duo
728 1657 763 1687 et
788 1651 908 1697 viginti
928 1659 1054 1694 genera
1076 1649 1271 1684 carminum.

149 1727 189 1765 3)
214 1721 366 1757 Benedicti
389 1720 551 1758 chelidonii
573 1719 865 1764 Norimbergensis
886 1718 955 1753 Ode
977 1718 1020 1752 ad
1045 1716 1123 1751 Con
1131 1728 1157 1752 r.
1186 1715 1253 1750 Cel
1260 1722 1294 1750 te
1303 1729 1343 1752 m.

89 1822 93 1827 .
150 1787 190 1834 4)
214 1789 359 1825 Notulae
382 1791 545 1829 musicae,
576 1788 619 1823 ad
641 1798 723 1832 quas
747 1785 931 1830 em‘gendus
954 1791 1071 1821 cantus
1094 1791 1235 1830 quatuor
1257 1794 1387 1819 vocum.

155 1856 194 1901 5)
217 1856 348 1901 Hymni
371 1857 587 1894 ecclesiastici
609 1855 731 1892 diversi
751 1854 894 1900 generis·

155 1927 192 1967 ⁶)
218 1923 358 1960 amula
381 1928 507 1971 operis3
531 1931 598 1963 una
620 1937 697 1962 cum
722 1923 848 1960 Celtis
870 1922 1108 1968 epigrammate
1130 1921 1173 1956 ad
1193 1919 1367 1957 Erhardum
1394 1919 1499 1967 Oglin.

155 1991 196 2040 τ)
226 1991 332 2027 need.
355 1992 487 2042 Ulsenii,
504 1995 628 2031 medici·
640 1999 675 2030 et
690 1997 805 2039 poetae
820 1991 957 2045 laureati
972 2001 1107 2028 carmen
1123 1989 1168 2025 ad
1179 1989 1389 2026 conradum
1409 1988 1562 2025 Cenem.

158 2063 198 2109 8)
222 2063 398 2110 hnagines.
