1834 2439
196 147 260 184 138
742 154 813 178 mn.
840 154 884 178 ir.
938 152 1016 179 cAP.
1043 153 1125 179 xxx.

193 243 374 282 utrumque
389 236 475 271 latus
493 239 657 278 occupant
675 233 740 273 Dii,
767 234 938 277 Deaequet
964 233 1144 275 Mercurius,
1167 232 1316 274 Hercules,
1339 231 1480 274 Phoebus,
1503 234 1649 277 Bacchus,

195 294 356 331 Minerva,
386 290 534 336 Cytherea.
583 291 680 324 Fonti
700 291 873 324 Musarum
890 292 1142 335 supereminent
1168 290 1286 326 Celtis
1307 290 1470 344 insigni&
1487 292 1656 338 adscripto

193 357 269 388 tum
297 349 416 386 Thaliae
438 349 611 383 lemmate:
638 345 771 381 Labores
793 346 963 398 aeternabm·
987 355 1059 384 tum
1086 348 1187 383 Clius:
1214 348 1343 384 Virtutis
1362 350 1629 393 praemunirem

285 431 398 473 Imago
414 428 508 462 altera
518 434 744 473 repraesentat
766 426 1078 471 cenem-mortuum,
1102 430 1345 466 incumbentem
1365 428 1466 468 libris.
1488 421 1651 473 ffichiis,

193 487 410 532 manibusque
430 486 560 530 fractis;
586 486 676 520 velut
696 487 915 522 iudicavimus
945 487 1016 523 Lib.
1026 489 1056 523 ’1.
1088 489 1134 524 -Id
1150 488 1357 528 solummodo
1370 488 1424 522 hic
1438 474 1653 528 {dnoumuffi
1700 498 1703 500 ’

190 546 276 579 hanc
305 542 451 588 effigiem
479 554 546 577 non
575 543 708 586 reperiri
744 543 780 577 in
810 545 964 579 omnibus
980 540 1196 580 'Celticarum
1227 546 1370 581 Odarum
1401 543 1652 588 exemplaribus.

190 601 294 637 Deest
322 611 403 635 sane
429 601 465 635 in
496 600 675 646 exemplari
684 605 708 640 ,s
724 601 813 646 quod
843 608 956 637 servat
986 601 1182 638 bibliotheca
1214 601 1411 637 Academiae
1440 599 1654 646 Friburgmsis.

189 658 405 693 Desideratur
420 658 540 703 pariter
556 659 590 692 in
606 659 786 702 exemplari
805 659 1021 694 bibliothecae
1035 657 1238 694 Academiae
1252 657 1518 703 Heidelbergemis‚·
1536 646 1654 703 que‘m-

190 715 373 750 admodum
395 716 430 750 in
453 727 511 755 eo,
535 715 594 760 qui
617 720 671 749 est
691 715 734 749 ad
756 726 840 750 usus
864 725 971 750 meos.⁴

281 796 465 832 Facessivit
486 797 570 830 haec
594 796 698 830 editio
719 795 790 828 suis
812 794 992 828 editoribus
1016 794 1216 829 molestiam.
1254 794 1338 828 Visa-
1354 801 1407 829 est
1426 797 1488 831 sibi
1506 797 1658 831 Facultas

190 852 396 898 'theologica
425 849 597 887 Viennensis
620 851 811 887 academiae
835 849 1006 886 invenisse
1038 849 1072 885 in
1100 850 1299 886 carminibus
1328 852 1382 886 his
1407 851 1541 893 Celticis,
1574 844 1660 897 quae

187 923 267 950 eum
291 911 436 957 puritate
460 910 556 951 fidei,
587 916 627 947 et.
648 920 779 945 morum
803 909 981 946 sanctitate
1004 908 1093 944 haud
1116 914 1205 944 recte
1228 910 1463 945 consentirent.
1522 910 1656 946 Habitis

190 980 266 1007 eam
297 971 339 1003 ob
371 980 443 1003 rem
474 966 777 1001 consultationibus
808 965 955 1004 iteratis,
990 965 1097 999 vocati
1126 971 1203 999 sunt
1231 966 1265 999 in
1288 966 1345 1010 jus
1379 967 1497 1002 fratres
1528 966 1657 1007 Alamee

191 1023 366 1060 Leonardus
389 1031 423 1060 et
443 1023 560 1059 [accan
601 1022 742 1068 Rogati,
768 1032 834 1067 qua
855 1021 991 1057 adducti
1013 1032 1136 1061 causa,
1159 1021 1251 1066 cujus
1275 1023 1425 1063 hortatu,
1450 1025 1655 1065 interventu,

192 1089 251 1117 aut
274 1083 415 1115 instantia
442 1080 566 1115 Celtis
588 1082 653 1114 hoc
676 1091 758 1124 opus
782 1080 941 1123 lyricum,
965 1078 1057 1123 typis
1080 1079 1309 1113 excudendum
1333 1082 1518 1117 curaverint
1525 1093 1536 1124 ;
1568 1082 1658 1125 quod

190 1138 345 1180 lasciva„
373 1148 414 1171 ac
446 1136 521 1181 fidei
554 1135 737 1170 catholicae
768 1135 930 1169 contraria
960 1136 1116 1178 dogmata
1144 1136 1339 1170 contineret.
1403 1137 1658 1182 Responderunt

188 1185 417 1240 bibliopolaes
439 1193 524 1229 bono
561 1191 675 1227 animo
706 1191 833 1227 adiisse·
863 1196 897 1227 et
930 1191 1120 1236 peregisse,
1164 1190 1325 1238 quidquid
1363 1194 1395 1229 id
1430 1201 1485 1230 est
1521 1195 1656 1240 negotii.

187 1252 324 1287 Dictum
352 1261 436 1295 opus
458 1261 496 1284 se
519 1250 689 1294 accepisse
715 1260 756 1283 tx
783 1246 911 1288 libraria
932 1246 1096 1283 Facultatis
1119 1247 1258 1288 Artium,
1291 1262 1349 1293 per
1376 1262 1479 1286 mamas
1506 1251 1658 1296 Magistri

194 1305 319 1342 Thomae
340 1305 456 1344 Resclu
480 1315 591 1351 neque
613 1316 651 1340 se
671 1305 858 1345 dubitasse,
887 1310 1068 1350 antequam
1088 1304 1268 1341 editionem
1287 1306 1457 1349 curarent,
1481 1309 1656 1354 probatum

185 1364 265 1400 illud
290 1375 367 1399 esse
391 1375 430 1398 ac
452 1365 669 1399 emendatum
687 1373 757 1407 per,
770 1364 888 1398 doctos
909 1368 943 1396 et
967 1362 1090 1406 peritos
1113 1363 1216 1397 viros.
1362 1378 1365 1379 ⁷

288 1442 417 1477 nomae
443 1441 603 1476 Velociano
625 1441 698 1475 sive
719 1438 843 1475 Rescln‘o
874 1451 952 1475 cum
977 1445 1213 1484 proponeretur
1235 1450 1255 1474 a
1272 1439 1456 1486 theologica
1472 1442 1659 1485 Facultate,

187 1512 262 1538 esse
281 1502 316 1536 in
331 1502 415 1536 odis
434 1498 562 1539 Celticis,
587 1510 672 1543 quae
690 1498 863 1534 videantur
881 1496 1021 1531 bonarum
1035 1497 1150 1530 aurium
1173 1496 1323 1542 qffmsiva,
1346 1499 1528 1535 scandaloso,
1552 1502 1652 1543 impia,

187 1569 321 1594 erronea,
346 1563 375 1591 et
396 1556 528 1591 haeresin
554 1557 719 1600 sapientia‚·
754 1555 941 1599 respondit,
975 1563 1143 1597 nunquam
1176 1554 1240 1588 sibi
1270 1554 1374 1588 fuisse
1406 1555 1440 1590 in
1464 1557 1590 1599 animo,
1620 1567 1659 1594 ut

187 1616 287 1652 vellet
306 1627 381 1650 esse
396 1614 458 1649 'vel
479 1621 617 1653 auctor,
642 1614 697 1648 vel
720 1612 851 1658 adjutor
875 1621 1013 1650 eorum,
1045 1621 1130 1654 quae
1156 1617 1234 1645 sunt
1257 1612 1355 1646 noxia
1385 1614 1534 1656 probitati
1558 1616 1662 1657 vitae,

189 1680 248 1706 aut
278 1672 429 1716 opposita
463 1670 648 1705 catholicae
680 1668 841 1705 ecclesiae
872 1666 1049 1711 dogmatis.
1097 1667 1217 1711 Neque
1247 1678 1285 1701 se
1315 1668 1480 1712 opinatum
1510 1683 1655 1716 unquam

187 1740 261 1764 eam
286 1728 459 1763 doctrinae
484 1728 679 1773 pravitatem
705 1726 738 1761 in
762 1724 891 1760 Celtis
914 1723 1081 1769 opusculis
1108 1724 1253 1769 reperiri.
1300 1723 1453 1766 Addidit,
1476 1734 1653 1773 'poetarum

187 1786 286 1820 verba
314 1786 359 1819 ad
390 1785 505 1818 vivum
533 1785 712 1818 resecanda
742 1795 810 1817 non
840 1793 939 1816 esse:
980 1781 1044 1814 nisi
1074 1782 1215 1815 velimus
1246 1780 1376 1816 efficere
1408 1791 1458 1818 tot
1486 1786 1660 1828 idolatras.

188 1848 270 1887 quot
294 1842 414 1876 dantur
438 1848 545 1879 vates,
567 1842 623 1887 qui
640 1842 768 1888 jovem,
794 1838 962 1879 Phoebum,
982 1837 1195 1883 Mercurium.
1219 1837 1365 1884 deosque
1379 1842 1550 1886 gentilium
1571 1845 1661 1881 alios.

188 1900 390 1935 carminibus
421 1899 493 1933 suis
523 1891 718 1936 celebrant,v
744 1905 802 1933 aut
829 1899 1007 1932 invocant:
1050 1896 1139 1929 hunc
1170 1896 1213 1929 ad
1238 1898 1371 1931 modum
1400 1902 1500 1935 etiam
1526 1901 1653 1936 Celtis

187 1966 302 1990 versus
324 1957 529 2001 compositos
553 1966 636 1990 esse.
684 1956 922 2000 Proptereaque
946 1953 1084 1987 minime
1108 1961 1145 1985 se
1160 1951 1334 1994 dubitasse,
1359 1965 1424 2000 quo
1447 1958 1558 1993 minus
1578 1970 1661 1994 eos·

190 2014 265 2049 dem
289 2014 472 2059 bibliopolis
496 2013 758 2052 commendaret,
783 2020 881 2057 atque
904 2008 1124 2057 typographis
1146 2009 1236 2054 typis
1260 2008 1658 2057 vulga'ndosamaxime„

189 2070 396 2114 ‹niodCelti
402 2082 418 2103 s
439 2071 511 2114 ipse
533 2071 754 2115 castigatorium
776 2080 905 2104 errorum
926 2069 1108 2112 confit-isset.
1138 2069 1284 2104 Tandem
1306 2073 1492 2116 spopondit,
1514 2081 1655 2119 operam
