1834 2439
208 153 272 185 130
762 155 832 180 un.
859 155 902 196 ¹.¹·
950 154 1030 182 cn.
1053 156 1117 182 xx.

300 242 325 277 Ι.
364 240 611 285 Epigrammate
631 237 739 280 primo,
764 236 853 281 quod
869 235 968 271 titulo
984 236 1135 280 proxime
1149 236 1316 290 jungitur
1339 234 1524 279 gratulatur
1544 212 1669 270 cellia

207 300 421 338 Germaniae,
452 296 538 340 quod
568 294 726 329 Herciniae
753 293 836 340 juga
865 293 1018 334 Graecis,
1051 293 1246 341 latinisque
1274 294 1473 329 carminibus
1501 296 1668 333 resulcat.

211 358 350 402 lueipit
484 396 648 441 conspicite
669 395 756 436 haec,
773 397 895 441 juvenes
920 393 1065 431 Germani
1087 389 1237 437 camina,
1261 396 1394 444 Quam

580 452 710 489 Vocibus
733 460 766 488 ut
787 459 888 494 vates,
912 459 940 488 et
961 465 1049 489 sacra
1070 455 1178 500 templa
1196 461 1312 490 canunt.

300 513 519 557 Epigramma
549 511 688 552 alterum,
726 510 770 545 ad
796 509 993 559 Jordan-cm,
1032 511 1284 558 Augustensem
1315 510 1497 549 musicum,
1533 507 1673 543 laudato

209 578 324 610 cantu,
364 577 463 615 atque
494 569 668 606 recensitis
699 570 933 605 instrumentis
964 570 1117 633 musicis,
1154 578 1193 606 ut
1225 581 1262 606 se
1292 576 1459 607 auctorem
1490 566 1674 603 declararet

208 628 307 674 hujus
331 627 520 673 Metopoeae·
546 628 633 662 hunc
657 628 692 661 in
715 627 853 661 modum
878 626 969 661 finit·

509 684 596 720 Haec
618 683 701 719 vobis
727 682 853 719 Celtis
875 684 986 718 musica
1008 682 1086 718 dona
1108 681 1198 719 dedit.

969 740 1109 774 Haudite
1131 739 1262 775 Musae!

302 811 351 851 11,
396 810 528 852 Tabula,
562 821 646 857 quae
674 810 755 846 solio
782 810 891 856 primo
913 820 1012 845 verso
1036 811 1175 852 visitur,
1207 809 1351 846 indicem
1376 810 1469 846 sistit
1489 812 1673 848 carminum

209 870 333 906 diversi
358 871 509 915 generis,
542 880 610 904 una
640 879 719 904 cum
750 868 820 903 suis
848 868 1119 913 appellationibus
1141 869 1320 911 technicis3
1352 880 1437 913 quae
1460 879 1527 913 qua
1550 871 1681 905 ratione

211 928 377 963 cantanda
396 928 473 967 sint,
498 936 557 971 per
577 925 686 971 operis
707 925 888 960 decursum
907 923 1291 970 traditur5praescriptis
1307 926 1431 959 eam-in
1446 936 1516 960 rem
1531 926 1676 960 modulis

212 985 361 1023 musicis.
429 985 463 1019 ld
497 994 614 1030 genus,
638 984 785 1018 carmina
818 988 896 1018 sunt
927 982 992 1017 duo
1023 989 1057 1017 et
1090 982 1232 1028 viginti,
1265 984 1417 1028 decerpta
1450 983 1605 1028 pleraque
1632 994 1674 1018 ex

214 1042 364 1081 Horatia
390 1043 538 1087 exceptis
563 1042 801 1086 poster10ribus
824 1040 938 1075 tribus.
995 1039 1205 1084 Vlgesimum
1229 1041 1318 1075 enim
1341 1047 1392 1076 est
1418 1039 1562 1079 Celtis,·
1584 1041 1678 1085 vige·

217 1099 345 1135 simum
370 1099 515 1145 primum
538 1097 674 1136 Lucam,-
698 1098 898 1143 vigesimum
914 1097 1095 1132 secundum
1112 1098 1246 1143 elegiaci
1265 1097 1416 1142 generis,
1440 1099 1528 1143 quod
1548 1098 1678 1143 incipit:

213 1155 336 1191 Rmat
357 1158 389 1189 in
408 1155 517 1189 studiis
538 1161 590 1189 etc.
617 1155 711 1198 cujus
736 1155 794 1193 sit,
818 1154 947 1198 ignoro.
994 1153 1162 1189 Indicatae
1187 1161 1266 1189 sunt
1286 1156 1320 1189 in
1344 1156 1462 1190 eadem
1486 1153 1595 1191 tabula
1621 1166 1675 1200 23.

213 1213 303 1249 Odae
328 1210 469 1252 Celticae,
495 1222 581 1256 quae
604 1221 681 1246 cum
701 1211 770 1246 sint
792 1210 891 1245 metri
913 1209 1063 1255 ejusdem
1085 1220 1162 1244 cum
1185 1210 1379 1251 Horatianis,
1405 1206 1522 1246 iisdem
1546 1222 1682 1257 quoque

210 1270 490 1307 modulationibus
514 1269 689 1305 decantari·
707 1274 846 1315 queunt.
893 1268 985 1303 Duas
1010 1274 1121 1303 tamen
1146 1267 1235 1305 Odas
1255 1270 1289 1305 in
1310 1280 1385 1305 eam
1410 1270 1531 1306 seriem
1554 1270 1678 1306 relatas

209 1339 283 1363 esse
310 1328 461 1372 intelligo
473 1354 482 1368 ,
507 1338 592 1372 quae
612 1329 647 1361 in
667 1326 807 1371 vulgata
829 1324 1005 1360 Celticarum
1024 1326 1173 1361 Odarum
1193 1323 1388 1363 collectione
1406 1340 1475 1362 non
1495 1335 1679 1363 occurrunt

212 1383 289 1420 Una
310 1384 445 1429 incipit:
472 1382 572 1429 Quam
595 1381 694 1417 beaw
717 1388 770 1418 etc.
795 1383 916 1417 altera:
944 1381 1029 1427 Quid
1048 1394 1093 1417 me
1113 1383 1254 1418 sollicitas
1280 1389 1332 1417 etc.

309 1463 384 1499 111.
440 1461 569 1496 Tabulae
599 1461 783 1496 caminum
826 1461 1011 1495 adnectitur
1042 1462 1114 1496 ode
1137 1461 1301 1507 Sapphica
1324 1462 1475 1500 Benedicti
1500 1459 1692 1504 mammii,

212 1519 424 1557 Benedictini
443 1517 699 1564 Norimbergensis
718 1517 762 1552 ad
776 1516 811 1568 S.
827 1516 1007 1564 Aegidium;
1033 1518 1110 1553 hinc
1130 1526 1269 1559 vocatus
1286 1519 1449 1561 Viennam,
1474 1530 1512 1559 ut
1528 1522 1679 1561 Scotorum

216 1578 375 1613 coenobio
408 1584 595 1622 praeesset,
634 1588 702 1611 non
736 1576 904 1621 inelegans
937 1570 1052 1620 poeta,
1096 1574 1219 1610 Celtis
1252 1578 1378 1620 cultor,
1415 1586 1450 1615 et
1482 1582 1678 1629 admirator3

219 1635 500 1682 quemadmodum
522 1634 606 1669 satis
632 1632 740 1678 prodit
764 1633 829 1667 hoc
854 1633 962 1678 ipsum
982 1643 1138 1681 carmen:

540 1692 702 1733 Quamvis
725 1691 768 1726 ad
791 1691 906 1736 nigros
927 1691 1063 1736 rapiar's
1086 1690 1206 1732 lndos;

540 1750 609 1784 Seu
632 1750 725 1792 legas
749 1749 931 1794 plaustrum
954 1748 1106 1793 glacialis
1131 1759 1251 1791 ursae;

544 1804 632 1840 Solis
654 1805 695 1841 ad
718 1816 833 1841 casum
856 1816 1027 1851 properes,
1052 1805 1106 1840 vel
1128 1813 1260 1853 ortum,

937 1865 982 1900 Ut
1005 1876 1093 1899 nova
1116 1865 1205 1904 visas
1215 1863 1228 1898 ε’

542 1918 589 1953 Te
614 1925 727 1967 tamen
750 1930 882 1956 mecum
907 1927 1007 1957 teneo
1030 1916 1253 1964 magistrum,

540 1977 629 2012 Dum
654 1977 723 2018 tui,
748 1977 868 2014 Celtis
891 1979 977 2015 mihi
999 1983 1080 2014 sunt
1102 1977 1223 2018 libelli,

542 2035 639 2075 Quos
660 2035 972 2084 frequensspecw,
999 2036 1180 2082 leg03rsed
1203 2039 1345 2074 recondo

930 2094 1051 2131 Cordis
1075 2094 1110 2130 in
1131 2105 1210 2130 arca
