1834 2439
751 159 975 187 mammen,
1454 149 1456 151 ’
1523 153 1585 185 ¹33

144 245 270 291 figurae
293 244 490 279 orbiculares
515 253 651 286 novem;
680 243 716 278 in
736 243 857 288 quibus
886 251 1009 277 novem
1030 239 1152 278 Musae
1179 248 1258 272 cum
1280 236 1353 272 suis
1377 246 1526 282 quaeque
1548 240 1598 275 in-

144 302 347 342 strumentis,
379 301 574 346 conspicuae
597 306 687 336 sunt.
741 301 778 336 In
798 298 951 334 inferiore
974 304 1086 333 autem
1110 296 1265 341 imaginis
1289 300 1384 340 parte
1406 299 1602 342 comparent

147 359 270 395 Celtis
292 360 441 405 insignia.
913 349 915 351 ¹

234 427 345 472 Atque
369 428 451 462 haec
477 426 578 462 unica
601 433 653 462 est
676 427 772 462 istius
795 426 904 471 operis
927 426 1028 462 editio
1050 426 1164 472 plena,
1189 424 1416 470 perfectaque,
1441 429 1605 459 constans

142 485 229 520 foliis
253 484 383 517 nonnisi
407 485 530 517 decem.
581 483 717 526 Optavit
738 481 894 521 Denisius,
916 493 954 517 ut
972 495 993 517 a
1013 485 1060 518 rei
1079 482 1226 517 musicae
1246 482 1359 526 peritis
1385 487 1603 522 cantarentur

147 540 283 575 indicati
302 538 417 585 hymni
438 539 480 573 ad
499 538 713 584 praescriptas
734 538 994 582 modulationes;
1015 538 1189 584 palamque
1205 538 1363 578 facerent,
1388 536 1463 582 quis
1478 542 1603 582 gustus

144 598 207 632 hac
239 598 274 631 in
302 609 337 631 re
372 595 483 630 fuerit‘
504 596 593 639 apud
626 597 811 631 Germanos
846 601 923 630 ante
955 602 1121 632 trecentos
1152 608 1277 636 annos,
1314 596 1436 640 quidve
1468 595 1600 632 intersit

143 653 343 686 discriminis
367 648 508 684 hornam
532 652 619 684 inter
642 658 854 696 veteremque
876 653 1047 686 musicam.

237 719 364 754 Prodiit
386 709 539 764 equidem
564 719 680 755 eodem
703 731 791 755 anno
817 720 923 761 1507,
954 718 1108 765 Augustae
1137 717 1373 759 Vindelicorum,
1406 730 1448 754 ex
1475 720 1596 756 eadem

144 777 377 821 typographia,
403 776 504 810 editio
520 777 582 811 alia
597 777 631 814 in
647 788 686 820 4,
708 778 859 813 absoluta
874 777 963 812 foliis
980 777 1122 819 223'sed
1142 787 1264 811 manca
1285 776 1320 810 in
1340 777 1472 816 multis,
1495 784 1598 821 atque

142 833 341 878 imperfecta.
401 832 570 878 Inscriptio
604 833 763 879 repetitae
785 834 941 869 editionis
963 832 1161 868 succinctior
1201 832 1282 867 haec
1311 838 1380 868 est:
1412 833 1600 869 Harmoniae

145 889 229 925 Petra·
265 889 391 924 Tritonia·
420 901 506 934 super
533 889 598 924 odis
627 890 748 926 Horatii
779 890 892 925 nacci.
953 891 1081 924 Desunt
1110 890 1145 924 in
1176 890 1239 924 hac
1268 890 1419 925 mutilata
1451 892 1600 927 editione

141 949 357 993 epigrammata
383 945 485 981 Celti
491 958 507 980 5
529 946 572 981 ad
589 946 786 992 Musiphilos,
808 952 836 981 et
857 946 900 980 ad
914 944 1106 995 Jordanum,
1130 952 1214 990 atque
1236 945 1278 980 ad
1299 945 1469 982 Erhardum
1487 947 1592 993 Oglin.

141 1005 378 1040 Desiderantur
398 1004 554 1050 Carmina
574 1002 751 1044 OEelidonii,
774 1011 809 1039 et
829 1003 959 1043 Ulsem'i,
981 1014 1048 1037 una
1067 1014 1145 1038 cum
1169 1003 1376 1047 imaginibus.
1423 1005 1595 1040 Omissum

143 1066 196 1096 est
219 1071 352 1097 carmen
375 1057 491 1095 Lucani
498 1073 509 1097 ‚·
532 1072 594 1095 nec
617 1062 683 1095 ulla
705 1061 849 1096 indicata
869 1067 922 1095 est
947 1059 979 1094 C
979 1059 1014 1094 e!
1019 1061 1070 1094 tis
1093 1061 1174 1095 Oda.
1234 1061 1340 1100 Quare
1363 1060 1504 1101 mirum,
1530 1060 1596 1105 q'uo

144 1124 244 1162 pacto
264 1117 370 1152 editor
389 1118 475 1152 hanc
496 1118 538 1151 ad
557 1117 712 1151 lectorem
734 1117 877 1161 potuerit
891 1116 1101 1160 praemittere
1119 1117 1394 1151 admonitionem:
1415 1117 1596 1151 Hannonias

142 1177 209 1207 ante
232 1166 405 1218 impressas.
427 1175 488 1208 sive
510 1174 583 1207 vitio
604 1165 794 1217 ebceinptaris,
825 1183 876 1206 seu
893 1173 956 1206 alia
976 1170 1102 1215 quadam
1123 1173 1235 1206 muria
1256 1171 1432 1216 depravatas
1463 1175 1594 1218 integras

143 1231 275 1274 accipies.
304 1231 340 1264 ln
358 1230 440 1265 fine:
462 1229 567 1263 Denuo
583 1231 736 1273 impressae
751 1240 804 1273 per
817 1227 989 1263 Erhardum
1009 1227 1111 1272 Oglae'n.
1142 1227 1231 1271 Aug.
1254 1230 1356 1264 1527,
1375 1241 1425 1263 22.
1436 1229 1593 1273 Augusti.

145 1285 239 1323 Haec
268 1287 480 1331 scripseram:
514 1286 597 1321 dum
625 1286 659 1321 in
690 1291 838 1321 mentem
867 1284 976 1331 venit,
1007 1296 1028 1320 a
1051 1284 1258 1330 typographo
1281 1297 1347 1320 non
1372 1285 1482 1320 fallaci
1509 1285 1594 1321 haec

144 1346 233 1380 diem
256 1355 348 1384 esse,
372 1349 431 1379 aut
454 1344 605 1378 excusari
626 1354 739 1389 posse:
763 1342 924 1388 siquidem
938 1343 972 1377 in
988 1342 1211 1377 admonitione
1228 1353 1414 1378 sermonem
1430 1343 1595 1378 duntaxat

143 1401 295 1437 habuerit
318 1401 359 1435 de
389 1400 568 1435 harmoniis
591 1402 796 1445 depravatis,
827 1410 912 1444 quas
934 1399 1168 1434 emendaverit.
1225 1401 1300 1440 Qua
1328 1401 1369 1436 de
1391 1410 1427 1434 re
1450 1400 1595 1436 viderint

143 1458 281 1497 musici,
311 1458 428 1502 quibus
452 1459 594 1494 facultas
617 1464 684 1499 est,
715 1463 891 1502 utramque
914 1456 1111 1495 editionem,
1140 1456 1228 1499 quod
1249 1456 1438 1493 harmonias
1466 1457 1595 1496 attinet.

143 1514 231 1550 inter
254 1525 293 1550 se
316 1515 515 1552 conferendi.

1199 2131 1242 2165 ss}
