1834 2439
639 168 741 201 min
767 174 933 218 ossuum
946 164 1140 207 Qus-ruoz:
1553 172 1618 207 139

158 265 200 291 se
221 254 390 295 daturum,
414 255 604 291 utrelectis
629 256 725 297 Odis,
751 249 805 297 ea‘,
837 247 936 302 quae*
944 256 1111 292 offendere
1132 256 1310 297 dicuntur,
1341 255 1563 302 corrigantur:
1592 262 1619 294 si

157 311 274 356 quidem
297 311 487 358 fierivposret
509 314 584 353 citra
606 312 806 349 Executomm
837 314 911 349 dicti
933 313 1058 350 Celtis
1083 314 1253 359 infamiam.
1295 314 1392 355 Quae
1422 314 1493 350 huc
1516 326 1620 361 usque

157 369 331 413 attulimus
346 395 357 409 ,
400 369 521 411 hausta
553 377 633 406 sunt
675 382 719 415 ex
747 372 832 407 actis
862 382 945 416 msc.
977 371 1160 406 Facultatis
1190 372 1398 416 theologicae
1433 372 1531 408 Vien.
1574 373 1617 407 ad

154 436 207 461 an.
230 424 326 473 1514,
358 424 457 462 Tom.
477 427 529 462 ΠΙ.
559 426 617 464 fol.
637 436 692 470 31,
721 437 791 472 seq.

182 527 191 534 ·
247 507 331 547 Quis
348 507 485 542 candem
509 507 613 542 totius
637 496 882 551 controversiae
904 507 1005 543 fuerit
1025 510 1151 549 exitus,
1176 509 1210 543 in
1232 509 1317 544 actis
1339 508 1456 543 nullibi
1475 509 1616 543 adnota-

154 567 229 597 tum
250 562 426 598 invenitur.
473 557 617 598 Videtur
640 561 766 606 imque,
797 568 835 598 ut
856 564 960 606 solet,
994 576 1070 600 cum
1091 571 1240 615 tempore
1262 566 1492 602 accusantium
1516 565 1610 615 calor

152 619 368 669 desprbuisse3
392 620 524 665 hocque
543 620 642 655 modo
666 620 708 654 lis
737 620 843 654 omnis
865 626 926 655 aut
949 623 1067 666 sopita,
1090 630 1147 659 aut
1168 624 1323 659 extincta.
1600 632 1604 637 ·

535 820 671 862 CA
732 821 762 864 P
822 821 865 862 υ
924 797 1205 864 T'xxu.

321 946 475 982 CONR.
498 946 688 983 CELTIS
718 946 1167 982 EPIGRAMMATUM
1209 939 1356 983 LIBRI
1379 949 1432 990 N.

683 1060 1072 1073 ooooooooooooooooooooo

237 1145 399 1187 Testatus
422 1156 475 1186 est
490 1148 632 1199 ffoannes
653 1148 826 1187 Trithemius
847 1152 882 1187 in
898 1152 1049 1197 catalogo
1073 1151 1216 1187 virorum
1232 1151 1409 1188 illustrium
1432 1162 1485 1189 an.
1495 1151 1601 1194 1459,

142 1221 211 1254 quo
233 1209 320 1244 hunc
342 1209 517 1243 elenchum
541 1208 722 1248 contexuit,
759 1209 928 1253 scripsisse
962 1207 1010 1241 Ce
1018 1209 1050 1242 lt
1058 1220 1108 1242 em
1139 1206 1250 1241 Labros
1278 1208 1401 1252 quatuor
1428 1210 1601 1247 cumpinum,

140 1278 192 1299 seu
213 1267 461 1309 epigrammaton,
491 1274 575 1307 quos
598 1275 664 1298 una
686 1274 763 1298 cum
784 1263 859 1298 aliis
864 1263 1028 1316 ejusdem
1051 1264 1215 1308 opusculis
1237 1265 1274 1299 in
1297 1265 1406 1299 lucem
1425 1275 1489 1299 suo
1512 1270 1607 1299 tem--

145 1329 224 1369 pore
256 1327 412 1356 venturos
444 1331 520 1355 esse
558 1320 807 1373 praenuntiavit.
887 1318 1016 1355 Celtis
1049 1321 1121 1365 ipse
1155 1332 1293 1356 suorum
1321 1322 1602 1366 epigrammatum

148 1378 302 1415 meminit
322 1378 356 1412 in
379 1377 594 1422 praefatione,
628 1387 688 1411 seu
711 1377 911 1421 Panegyrici
939 1382 1032 1421 parte
1056 1378 1181 1422 prima,
1213 1388 1315 1421 quam
1339 1378 1491 1422 praefixit
1512 1377 1604 1412 libris

145 1435 330 1477 Amorum
375 1433 587 1479 promisitque
615 1433 811 1479 Panegyrici
840 1439 968 1479 partem
996 1433 1130 1470 tertiam
1158 1435 1259 1470 breve
1294 1440 1371 1480 post
1399 1441 1530 1480 tempus
1562 1441 1600 1471 se

141 1493 363 1529 exhibiturum
381 1502 453 1527 esse
476 1492 510 1526 in
525 1502 620 1535 opere
635 1489 944 1536 Cmtepigrammaton.
990 1492 1030 1526 ln
1045 1492 1211 1538 epitaphio
1230 1498 1356 1533 autem,
1378 1492 1465 1537 quod
1482 1493 1599 1528 vivens

142 1552 215 1595 ipse
237 1550 298 1585 sibi
320 1549 444 1593 posuit,
475 1549 559 1583 inter
581 1548 695 1588 libros,
729 1549 847 1592 quibus
870 1549 1062 1584 incumbens
1085 1548 1301 1598 conspicitur,
1330 1549 1469 1595 occurrit
1491 1549 1598 1583 codex

141 1607 334 1653 inscriptus:
364 1604 524 1651 Epigram.
553 1603 624 1640 Lib.
647 1609 677 1643 8.
723 1604 888 1640 Sodalims
918 1606 1054 1641 demum
1073 1601 1242 1640 -littera'ria
1274 1606 1310 1651 in
1332 1604 1403 1649 ejus
1426 1605 1495 1641 vita
1513 1604 1597 1654 Epi-

135 1668 328 1709 grammatum
349 1660 440 1696 libros
462 1662 589 1706 quinque.
610 1661 696 1696 inter
722 1660 847 1696 Celtis
869 1672 968 1706 opera
988 1666 1235 1696 commemorat.

234 1744 316 1778 Fere
337 1742 586 1787 desperaveram
609 1741 650 1776 de
667 1740 793 1775 Celtis
812 1741 1072 1785 epigrammatis,
1097 1746 1275 1784 postquam
1286 1740 1377 1784 apud
1388 1739 1598 1776 Vindobonen-

136 1810 190 1839 ses,
212 1801 332 1844 quibus
354 1810 432 1845 opes
456 1809 533 1834 suas
554 1798 728 1833 litterarias
757 1797 889 1842 reliquit
912 1795 1058 1838 Celtis,
1092 1808 1159 1832 non
1183 1796 1318 1841 reperiri
1347 1806 1595 1842 compereram5

136 1863 227 1892 ratus
257 1868 331 1893 esse
360 1857 395 1892 in
417 1855 601 1903 deperditis.
646 1855 750 1892 Bonis
773 1856 893 1892 avibus
908 1856 1013 1901 venit
1043 1856 1087 1891 ad
1110 1867 1167 1891 me
1197 1855 1359 1900 epistola,
1402 1866 1460 1900 per
1490 1867 1595 1900 quam

140 1913 275 1948 illustris
293 1912 438 1947 Murrius
466 1913 551 1948 mihi
580 1913 791 1956 significavit,
822 1913 858 1946 in
882 1910 1136 1957 Norimbergmis
1164 1911 1362 1957 reipublicae
1394 1911 1597 1964 bibliotheca

138 1970 286 2006 codicem
307 1969 489 2011 asservari,
517 1981 619 2012 msc„
648 1970 705 2016 qui
727 1968 837 2006 omnia
862 1967 991 2004 Celti:
1008 1974 1162 2015 poemata
1180 1968 1441 2014 complectatur,
1470 1980 1511 2005 ac
1534 1981 1596 2006 no-

142 2028 295 2065 minatim
317 2014 464 2073 quinqu}
483 2029 760 2073 epigrammatum
779 2027 887 2062 libros.
940 2028 1015 2067 Qua
1038 2027 1127 2066 hunc
1148 2027 1299 2062 animum
1321 2027 1493 2071 voluptate
1517 2027 1599 2064 affe-

138 2086 224 2122 cerit
246 2085 403 2132 eiusmodi
425 2084 596 2126 nuntium,
619 2084 680 2121 vix
695 2084 803 2122 verbis
815 2082 1009 2130 exprimam.
1054 2083 1102 2120 Ut
1123 2084 1228 2120 codex
1251 2084 1293 2119 ad
1309 2094 1365 2119 me
1384 2083 1598 2130 pei-senemr,
