1834 2439
195 161 260 195 1⁴0
739 169 877 195 mayn.
916 171 994 195 cn.
1021 168 1169 195 xxui·‘

195 253 428 300 inspiciendus,
450 249 760 295 permittendusque‘
775 250 860 285 meis
884 251 1018 293 usibus,
1043 251 1171 287 curavit
1192 251 1660 297 idem‘praeclarissimuswir

196 321 258 358 pro
281 306 591 345 suahumanitate,
623 305 851 351 singularique
874 308 1080 353 gratificandi
1101 308 1230 348 studio,
1261 318 1334 353 quo.
1350 308 1453 344 fertur
1474 308 1508 344 in
1531 310 1660 347 litteras

197 379 239 403 ac
263 368 432 401 litteratos.
480 358 544 398 Pro'
567 373 633 408 quo
657 362 754 400 officii
777 376 899 410 genere
922 367 1079 412 publicas,
1104 366 1384 412 quemadmodum
1408 367 1512 405 decet.
1535 369 1661 413 gratias

194 425 257 462 hoc
275 424 349 459 loco
372 422 479 457 dictas
501 421 614 457 velim.

285 495 359 534 Quo
382 503 419 527 se
443 492 542 526 modo
575 493 694 528 habeat
716 493 781 528 iste
803 494 927 535 codex,
956 495 1069 539 paucis
1092 495 1272 529 indicatum
1295 493 1412 532 imus:
1454 495 1661 530 Chartaceus

193 557 252 592 est,
273 550 446 595 oblongus.
469 555 626 585 exaratus
660 551 692 584 in
704 549 804 595 solio,
838 558 873 586 at
893 562 955 598 pro
978 552 1181 596 longitudine
1205 551 1291 586 haud
1315 551 1397 586 satis
1415 551 1512 587 latus.
1559 554 1660 588 Com-

191 609 347 655 plectitur
369 606 496 641 Celtis
522 607 624 643 libros
649 614 791 652 quatuor
815 609 980 651 Odarum3
1029 605 1134 644 libros
1154 609 1197 645 lV
1220 609 1380 644 Amorum
1388 602 1403 651 '3
1444 616 1477 645 et
1507 610 1606 645 libros
1630 610 1661 645 V

190 665 489 710 Epigrammatum.
538 665 716 699 Possessor
740 665 862 700 codicis
884 672 955 700 erat
978 667 1146 710 quondam
1170 664 1291 699 Celtis
1311 666 1391 711 ipse.
1434 666 1545 703 Refert
1566 665 1662 700 initio

194 720 326 756 Celtis
350 721 512 766 insignia,
552 722 711 767 appositis
740 732 842 767 supra
875 723 982 757 verbis
1011 722 1136 756 solitis:
1178 720 1250 756 Con.
1277 721 1368 757 Celtis
1389 722 1462 758 Pro.
1489 728 1568 768 poete
1590 733 1664 757 sum.

192 777 284 815 Infra
307 779 451 823 insignia
474 779 633 823 leguntur
666 779 752 824 haec
774 780 921 814 Graeca:
958 783 1086 821 ποιρεςω
1119 782 1267 823 φρονησις.
1329 781 1458 820 Quibus
1481 781 1666 816 litterarum

192 837 348 873 ductibus
380 835 526 881 scriptus
560 836 605 870 sit
643 836 748 871 codex
762 860 771 875 ,
817 835 970 880 exemplo
1001 835 1069 870 aeri
1106 834 1212 869 inciso
1250 836 1398 871 ostendit
1436 838 1486 873 Cl.
1515 837 1664 874 Murrius.

191 895 418 940 Desumptum
440 892 522 939 illud
545 897 599 927 est
621 903 664 927 ex
688 892 759 928 Lib.
782 892 805 928 1.
827 893 889 928 Od.
913 892 937 927 1.
961 891 1174 936 ejusdemque
1195 892 1312 927 initio:

520 962 631 997 Caesar
654 963 821 1007 magnificis
839 960 974 996 laudibus
994 962 1120 1007 inclytus

520 1018 591 1053 Rex
613 1030 715 1063 regum
738 1024 765 1063 qt
787 1018 935 1059 damiam,
969 1019 1097 1051 maxime
1114 1019 1283 1064 principum

520 1073 622 1120 Siquis
644 1076 744 1121 prisca
767 1076 825 1110 tuis
848 1081 976 1121 tempora
997 1075 1110 1110 seculis.
1254 1075 1257 1077 ’

289 1151 382 1188 Quae
405 1146 540 1190 quidem
563 1144 752 1179 'referuntur
782 1144 899 1178 Tabula
925 1145 982 1179 VI
1008 1146 1107 1180 Parte
1125 1146 1151 1180 1.
1207 1143 1447 1180 Memorabilium
1468 1143 1670 1186 Bibliothecae

194 1201 452 1248 Norimbergemis
468 1199 612 1247 publicae.
665 1201 861 1236 Consentire
873 1208 986 1237 autem
998 1202 1099 1238 celeb.
1115 1201 1240 1237 Murrio
1262 1203 1456 1248 neutiquam
1470 1214 1665 1249 possumus;

188 1263 267 1298 dum
291 1272 363 1307 pag.
383 1272 432 1304 14,
454 1261 474 1295 l.
487 1263 516 1295 c.
541 1258 695 1298 affirmat,
720 1270 796 1294 esse
815 1258 940 1294 Celtis
960 1259 1182 1307 autographum.
1205 1261 1331 1304 Quodsi
1345 1261 1437 1297 enim
1457 1272 1516 1296 eos
1531 1262 1659 1297 littera-

189 1330 266 1354 rum
281 1319 401 1354 ductus
417 1318 541 1363 quibus
557 1327 637 1352 usus
653 1323 705 1351 est
716 1316 806 1350 Ceti
810 1318 844 1350 is
868 1317 904 1351 in
922 1318 994 1352 cod.
1009 1328 1090 1353 msc.
1107 1316 1287 1361 epistolari,
1309 1318 1362 1353 cui
1378 1318 1470 1362 plura
1487 1328 1590 1353 manu
1605 1328 1667 1354 sua

192 1372 318 1415 auevit,
342 1376 551 1410 conferamus
563 1384 640 1408 cum
655 1374 767 1408 codice
781 1372 1030 1418 Norimbergensi,
1056 1374 1164 1419 palam
1183 1367 1247 1413 est,
1265 1375 1513 1408 emendationes
1532 1374 1667 1418 quidem

193 1433 231 1465 in
256 1432 408 1474 margine
441 1430 652 1474 potissimum
683 1434 908 1467 occurrentes,
945 1440 963 1463 e
990 1429 1114 1463 Celtis
1145 1439 1250 1464 manu
1279 1429 1438 1473 profectas
1469 1439 1542 1464 esse
1553 1440 1564 1473 ;
1596 1440 1664 1466 non

196 1488 399 1534 scripturam
426 1487 598 1531 reliquam.

293 1556 378 1591 Odae
399 1564 434 1592 et
453 1557 582 1602 Elegiae
605 1556 727 1592 codicis
747 1555 857 1590 Norici
878 1567 956 1591 cum
978 1556 1126 1600 vulgatis
1146 1555 1344 1590 editionibus
1365 1565 1445 1590 cum
1465 1554 1667 1590 conferrem:

197 1615 351 1659 comperi,
377 1620 412 1648 et
431 1615 503 1655 has
529 1621 564 1650 et
585 1613 657 1649 illa's
685 1624 764 1649 cum
779 1612 978 1648 editionibus
1003 1618 1085 1657 typo
1100 1612 1242 1652 excusis,
1268 1611 1356 1646 haud
1373 1606 1460 1646 'satis
1476 1621 1664 1657 congruere,

195 1672 284 1715 quod
305 1672 480 1716 multiplex
504 1663 686 1707 lectionum
709 1670 853 1705 varietas
876 1669 1055 1704 manifeste
1079 1669 1196 1714 prodit.
1243 1668 1373 1709 Quibus
1399 1670 1541 1708 accedit,
1576 1670 1666 1713 quod

196 1728 343 1762 carmina
368 1739 435 1761 non
451 1738 569 1772 pauca,
594 1728 710 1763 multis
725 1737 824 1771 saepe
848 1726 997 1761 versibus
1011 1726 1161 1762 auctiora
1180 1728 1391 1771 compareant
1410 1725 1443 1759 in
1457 1725 1669 1765 editionibus,

196 1796 283 1830 quae
306 1785 398 1830 prelo
422 1784 583 1820 exierunt.
630 1785 725 1821 Unde
747 1793 954 1830 consequens
976 1790 1039 1825 est,
1067 1782 1158 1819 Celtis
1183 1781 1266 1832 Odas
1286 1788 1315 1817 et
1337 1780 1472 1827 Elegiar,
1495 1782 1530 1817 in
1545 1782 1669 1828 vulgus

197 1843 351 1880 emissas,
371 1848 509 1876 exactas
528 1853 594 1876 non
618 1842 721 1877 fuisse
744 1841 787 1876 ad
807 1841 887 1876 illud
907 1842 1075 1887 exemplar
1093 1840 1344 1885 Norimbergeasis
1367 1840 1500 1875 codicis.

289 1921 522 1967 Epigrammata
552 1922 640 1967 quod
663 1922 803 1966 attinet3
841 1933 983 1968 quorum
1007 1922 1116 1967 gratia
1138 1921 1284 1956 codicem
1315 1922 1486 1967 praecipue
1509 1926 1666 1967 expeten-

200 1981 280 2014 dum
305 1979 483 2013 duximus:
511 1979 666 2015 distincta
690 1987 769 2016 sunt
800 1980 834 2015 in
857 1978 948 2014 libros
970 1981 1109 2024 quinqua
1134 1979 1293 2014 *dedicata
1322 1978 1530 2014 sodalitatibus
1546 1984 1669 2023 q‘uauwr

206 2034 378 2070 Germaniae
401 2036 572 2075 litte-radin
593 2036 750 2073 Rhenanae
773 2037 952 2076 nimirum,
996 2034 1186 2077 Vistulanae‚
1212 2035 1422 2077 Danubianae,
1446 2043 1481 2072 et
1507 2036 1670 2072 cadmae.

199 2092 279 2128 Huc
295 2100 420 2139 spectat
436 2096 505 2131 Lib.
517 2095 541 2131 1,
565 2096 665 2140 epigr.
673 2096 708 2137 1.,
732 2095 823 2141 quod
845 2095 911 2131 hac
925 2088 1055 2130 ratione
1079 2085 1286 2141 inscriptum,
1309 2091 1570 2138 contextumque
1589 2098 1659 2128 est:
