1834 2439
263 575 287 587 ὁ,

189 704 393 768 Milites,
431 716 498 771 qui
523 718 563 759 in
589 717 731 760 Martis
757 717 1042 775 'sanguinolenti
1069 720 1204 774 'neque
1232 729 1275 760 ut
1301 731 1415 768 nm,
1442 714 1648 761 commili-

190 802 325 841 tones,
359 792 400 831 in
426 792 629 833 Musarum
655 793 788 832 castris
816 792 1001 842 militant,
1034 789 1123 835 cum
1150 791 1211 833 sui
1236 794 1358 833 duces
1383 782 1646 844 auoqnuntur‚

191 867 287 907 nihil
311 864 399 907 fere
431 867 508 906 nisi
541 865 663 909 tristia
696 874 738 906 et
774 867 913 908 acerba·
936 866 1149 925 minantur,
1184 866 1425 921 proeliorum
1460 865 1647 918 pericula,
1698 872 1703 875 ·

191 940 380 999 cruciatus
409 937 618 978 vulnerum
651 947 767 991 atque
794 941 893 980 adeo
921 939 1263 991 praesentissimae
1290 940 1400 980 necis
1427 940 1650 990 imagmem.

190 992 345 1065 Quanto
358 1013 501 1054 melior
507 1022 641 1053 nostra
653 1024 715 1054 est
727 1012 913 1063 conditio,
921 1013 1305 1066 quiquotiescunque
1314 1011 1406 1055 Vos
1419 1013 1652 1066 alloquimur

189 1087 346 1125 nonnisi
370 1087 484 1136 laeta,
510 1086 645 1134 fausta,
673 1084 872 1126 salutifera
888 1098 1023 1126 sumus
1040 1087 1190 1127 dicturi.
1243 1087 1329 1126 Aut
1357 1087 1465 1126 enirn
1491 1087 1648 1136 signum

126 1209 142 1216 ,-
190 1151 299 1207 dare,
333 1168 377 1198 ut
403 1168 495 1212 post
518 1160 685 1200 honesta
712 1160 792 1200 otia
818 1161 948 1200 denuo
975 1159 1225 1200 suavissimas
1250 1159 1470 1199 studiorum
1484 1158 1648 1217 *exercL

190 1225 360 1272 tationes
377 1233 578 1286 repetatis,
604 1241 669 1272 aut
684 1233 809 1273 varias
833 1231 1027 1274 festorum
1044 1232 1303 1273 solennitates
1317 1232 1449 1274 Vobis
1473 1232 1649 1272 indicere

190 1305 379 1347 solemus.
413 1306 479 1347 ⁴In
506 1318 667 1358 quarum
702 1306 862 1358 quidem
895 1317 1061 1347 numero
1098 1306 1202 1345 nulla
1229 1306 1510 1359 praestantior,
1539 1305 1650 1344 nulla
1696 1349 1703 1355 ,

189 1379 385 1430 augustior
413 1391 504 1420 esse
531 1388 687 1433 potest,
722 1393 836 1433 quam
864 1392 953 1421 cum
980 1392 1086 1421 sacra
1113 1379 1302 1435 Principis
1329 1380 1453 1422 nostri
1480 1378 1648 1420 natalitia

190 1454 524 1495 concelebramus.
578 1454 688 1495 Cum>
707 1455 814 1496 enim
842 1456 1018 1495 omnium
1054 1456 1215 1495 omnino
1249 1455 1393 1495 civium
1427 1454 1498 1502 sit,
1547 1454 1654 1493 hunc

190 1527 297 1566 diem
324 1528 387 1579 pia
414 1537 550 1573 mente
577 1526 724 1568 festum
751 1521 893 1579 agere,v
925 1541 1147 1580 nuncupare
1176 1538 1267 1569 vota
1294 1540 1366 1580 pro
1393 1528 1519 1567 salute
1544 1526 1650 1567 Prin-

192 1599 289 1652 cipis
318 1608 359 1640 et
386 1597 624 1640 faustissima
650 1610 828 1652 quaeque
853 1600 1021 1653 precari:
1062 1609 1143 1640 tum
1171 1600 1286 1639 nobis
1314 1600 1380 1652 qui
1405 1600 1445 1639 in
1472 1600 1543 1639 hac
1568 1590 1649 1640 aca-

170 1669 317 1713 -demia
346 1681 410 1713 aut
438 1673 617 1713 docendo
650 1682 714 1712 aut
741 1658 927 1736 discendo
955 1673 1095 1714 litteris
1124 1686 1286 1727 operam
1315 1686 1501 1715 navamus
1530 1687 1648 1727 pecu-

191 1746 293 1787 liaris
319 1748 415 1789 haec
443 1756 517 1797 est,
544 1758 668 1813 eaque
683 1745 984 1799 praeclarissima
1011 1746 1094 1799 ejus
1115 1748 1377 1798 dietcolendi
1408 1749 1518 1799 rat10,
1544 1749 1652 1801 quod

194 1822 327 1874 coetui
360 1830 498 1861 nostro
525 1818 712 1874 Princeps
741 1821 1072 1862 clementissimus
1107 1824 1291 1876 idemque
1330 1824 1478 1864 Rector
1514 1812 1654 1867 noster

196 1893 612 1948 magnificentissimus
630 1895 771 1949 etipse
797 1889 952 1937 summo
973 1895 1064 1938 loco
1083 1909 1268 1951 praeesse
1295 1899 1394 1940 haud
1414 1900 1656 1953 dedignatur.

203 1965 464 2026 Quapropter,
489 1970 793 2015 commilitones
819 1971 1051 2023 suavissimi,
1078 1985 1167 2016 cum
1194 1975 1325 2016 denuo
1354 1976 1423 2018 lux
1440 1963 1506 2018 1113
1533 1991 1656 2020 annua
