1834 2439
742 126 963 169 itua'rsonm.
1524 133 1589 168 117

223 218 265 257 V.
313 220 528 265 Posteaquam
557 218 731 254 versiculis
754 219 919 255 nonnullis
943 219 1191 265 praedicaverat
1215 215 1379 253 Celtis
1399 219 1592 259 scholarum

134 274 339 312 Viennensium
369 278 572 321 felicitatem,
604 276 805 322 postliminio
835 277 870 311 in
899 288 956 312 eas
988 277 1130 313 reversis
1151 275 1355 312 ‚melioribus
1377 276 1504 322 Musis5
1535 279 1595 314 ad-

124 332 241 379 juncto
265 335 508 379 epigrammate
527 340 675 378 exagitat
698 333 986 375 calumniatorem,
1011 335 1061 379 qni
1081 335 1208 379 scripsit,
1231 334 1342 368 nullum
1362 345 1393 369 se
1412 333 1595 370 Germanum

124 401 199 435 pure
221 389 330 425 Latine
351 390 516 426 scribentem
539 392 652 436 legisse.
706 390 848 434 Incipit:
881 390 1001 425 Laurea
1033 389 1197 425 Germanas
1220 393 1287 436 jam
1313 394 1522 438 conmigrauit
1551 391 1597 427 ad

127 451 205 482 oras.
262 449 417 494 injuriam
458 448 672 493 conjunctam
710 457 787 481 cum
821 447 1000 491 ignominia
1029 448 1187 483 Germani
1224 449 1393 490 nominis,
1443 461 1593 495 suaeque

124 504 270 545 scholae,
289 506 422 549 indigne
442 505 551 538 ferens
568 503 710 537 Celtis.
735 503 989 538 obtrectatorem
1007 505 1183 549 appellavit
1200 516 1340 540 censorem
1356 506 1464 546 rudem,
1487 519 1594 552 appo-

127 561 201 597 sitis
235 562 349 601 minis,
399 555 678 596 immoderatioris
702 557 878 595 Aristarchi
904 561 1029 611 scripta
1064 573 1086 600 a
1116 561 1186 597 suis
1218 562 1387 609 discipulis
1417 565 1591 601 cribranda

125 630 200 654 esse
222 619 339 653 Latiali
360 621 487 653 carmine
510 620 553 653 ad
578 619 622 653 vi:
624 618 814 653 dicandum
837 611 973 675 facinus.

220 676 294 710 Etsi
317 686 395 710 vero
421 675 561 716 Celtis,
587 686 687 720 quem
711 676 948 728 epigrammate
971 676 1127 732 pupugit,
1160 687 1225 711 non
1246 678 1480 714 nominaverit·
1510 689 1588 714 sen-

124 732 211 766 tien's
234 739 347 767 tamen
367 733 511 767 Hernicus
534 731 670 767 Bebelius
705 723 896 777 Tubingensis
916 726 1100 777 professor,
1139 745 1177 767 se
1200 735 1342 778 petitum
1370 747 1443 770 esse
1475 747 1516 770 ac
1540 737 1590 771 la-

125 789 301 828 cessitum,
333 790 535 834 epigramma
566 791 797 835 epigrammati
821 791 989 834 opposuit,
1017 790 1118 824 tacito
1143 791 1263 833 pariter
1289 788 1418 826 Celtis
1439 793 1586 828 nomine.

121 845 240 891 Negat,
267 847 344 881 talia
369 858 388 881 a
410 859 446 881 se
470 858 617 892 unquam
641 848 763 890 scripta
787 858 878 889 esse;
909 853 1080 885 causatus,
1107 857 1168 881 sua
1192 848 1296 882 oculis
1320 849 1417 895 lippis
1441 851 1528 895 legi,
1551 857 1588 886 et

122 913 291 947 perperam
322 905 468 947 intelligi.
523 905 664 939 Vocavit
686 903 736 951 ‘in
768 903 952 937 subsidium
983 903 1183 938 defensionis
1198 929 1206 943 ‚
1249 905 1455 941 innocentiae
1484 914 1591 943 testes

132 957 348 1004 Wllssgangum
372 958 523 994 Bebelium
545 960 680 993 fratrem
706 970 823 996 suum,
847 957 1003 1005 Jocohum
1026 959 1322 998 Heinrichmannum,
1352 969 1386 996 et
1410 962 1588 998 Michaelem

123 1013 300 1055 Caninium,
326 1018 424 1061 vulgo
445 1016 580 1052 Kochlin.
630 1016 773 1051 Eristica
799 1018 880 1051 haec
904 1016 1026 1061 scripta
1057 1017 1157 1052 refert
1180 1015 1274 1052 Henr.
1298 1016 1435 1053 Bebelius
1464 1031 1497 1064 p.
1522 1031 1587 1065 143

120 1083 189 1118 seq.
214 1075 447 1119 opusculorum
470 1085 606 1109 suorum
636 1074 716 1108 Tnb.
747 1084 844 1115 ¹51¹·
868 1084 901 1118 4.
934 1080 1009 1118 post
1032 1072 1156 1108 Celtis
1180 1074 1317 1110 obitum.

214 1131 340 1166 Similis
356 1132 460 1166 ferme
476 1130 699 1174 controversia
716 1130 1082 1180 initercessit»fflnrienm
1094 1128 1246 1164 Bebelium
1270 1131 1357 1166 inter
1379 1138 1416 1167 et
1432 1140 1587 1169 nostrum

126 1185 300 1222 Udalricum
332 1185 466 1223 Zasium.
527 1188 752 1222 Accusaverat
780 1186 824 1221 H.
850 1186 985 1220 Bebelius
1007 1185 1221 1234 <Justinianum
1251 1188 1415 1222 sermonis
1447 1190 1586 1225 barbari.

120 1243 308 1285 Contendit,
333 1256 429 1281 usum
447 1248 531 1280 hunc
555 1244 786 1289 imperatorem
809 1242 909 1277 fuisse
929 1243 1108 1278 Latinitate
1128 1244 1260 1284 inculca,
1281 1244 1426 1279 Gothico
1440 1246 1582 1288 dicendi,

120 1302 345 1347 scribendique
366 1313 504 1347 genere,
528 1312 634 1346 usque
657 1301 700 1336 ad
723 1311 761 1336 ea
785 1306 934 1346 tempora
957 1301 1119 1341 inaudito,
1150 1303 1247 1337 tersis
1270 1309 1304 1336 et
1326 1302 1583 1346 elegantissimis

118 1357 246 1402 legibus
269 1359 385 1394 fecisse
409 1359 575 1403 injuriam.
623 1358 816 1401 Aegerrime
839 1358 914 1391 tulit
938 1356 999 1392 Ud.
1009 1356 1121 1391 Zasias
1140 1359 1352 1393 dehonestari
1367 1356 1582 1404 justinianum

120 1416 264 1457 barbaro,
290 1424 324 1452 et
345 1417 490 1452 Gothico
514 1416 656 1451 nomine.
706 1414 743 1450 In
767 1413 905 1459 epistola
927 1414 970 1449 ad
993 1407 1119 1449 Zasium
1142 1416 1344 1460 respondens
1368 1413 1412 1450 H.
1434 1415 1581 1458 Bebelius,

120 1473 229 1516 primo
252 1466 422 1508 confessus
446 1475 573 1508 videtur
595 1483 670 1507 esse
690 1482 834 1506 noxam:
875 1470 990 1511 Fateor,
1014 1472 1132 1516 inquit.
1155 1485 1199 1505 me
1219 1474 1305 1516 plane
1326 1475 1417 1507 multa
1438 1475 1581 1516 quondam

110 1529 231 1573 fervore
258 1529 480 1570 adolescentiae,
516 1535 545 1564 et
570 1530 673 1563 aetatis
702 1529 775 1563 vitio
806 1529 950 1569 emisisse,
985 1538 1057 1573 quae
1086 1529 1114 1563 si
1139 1540 1214 1563 nunc
1245 1528 1316 1564 mihi
1332 1534 1433 1563 essent
1461 1528 1579 1570 edenda,

117 1585 306 1631 intelligerent
328 1600 422 1621 omnes
435 1588 571 1627 homines,
592 1586 697 1630 nullius
722 1597 765 1620 me
788 1588 832 1620 rei
854 1588 992 1631 majorem
1014 1585 1117 1621 habere
1135 1588 1284 1627 rationem,
1308 1598 1393 1630 quam
1414 1585 1578 1625 modestiae.

118 1644 239 1679 Postea
263 1644 394 1689 culpam
418 1646 509 1679 nisus
533 1651 585 1678 est
608 1644 709 1686 tueri3
740 1644 802 1678 hac
824 1644 935 1678 addita
958 1643 1145 1678 sententia:
1172 1643 1235 1688 Qui
1254 1655 1287 1677 eo
1308 1649 1432 1688 tempore
1454 1642 1580 1689 (Justi-

116 1699 231 1745 niani)
255 1701 364 1735 locutus
386 1702 427 1735 sit
448 1702 609 1746 incorrupte
631 1705 758 1744 repertus
781 1705 824 1733 ese
845 1711 934 1735 nemo.
981 1699 1118 1740 Audax,
1143 1706 1178 1736 et
1201 1702 1413 1736 temerarium
1437 1701 1575 1744 dictum,

117 1758 281 1802 prolatum
320 1764 393 1803 post
424 1758 515 1793 mille
540 1758 771 1802 propemodum
803 1767 911 1792 annos
945 1759 987 1794 ab
1020 1758 1182 1799 homine„
1226 1759 1284 1803 qui
1313 1760 1456 1804 ipsemet
1477 1760 1579 1796 ⁴vitiis

118 1813 229 1848 Latini
252 1815 412 1857 sermonis
437 1815 626 1860 neutiquam
650 1813 774 1850 caruit!

212 1886 266 1921 Vl.
314 1887 467 1921 Carmina
490 1887 578 1931 ipsa.
616 1896 700 1930 quae
727 1885 761 1920 in
783 1886 941 1930 opusculo
972 1891 1176 1929 sequuntur,
1215 1884 1389 1920 duodecim
1412 1885 1579 1930 juvenum

120 1948 290 1988 poetarum
313 1943 395 1977 varii
419 1951 498 1977 sunt
519 1943 659 1988 generis,
682 1943 817 1987 elegiaci
837 1942 1010 1981 nimirum,
1035 1942 1157 1977 heroici
1183 1948 1284 1986 atque
1307 1942 1412 1986 lyrici.
1461 1944 1581 1988 Neque

120 2001 230 2047 omnia
252 1999 401 2043 eiusdem
425 2001 529 2044 pretii,
552 2007 590 2035 ut
614 2000 840 2045 incipientium
863 2000 960 2045 primi
984 2007 1122 2034 conatus
1139 1999 1257 2034 ferunt.
1295 2000 1340 2039 ld,
1360 2001 1450 2045 quod
1468 1997 1520 2035 lo(
1523 2012 1581 2036 um

122 2064 325 2101 postremum
349 2064 488 2104 occupat
511 2057 614 2103 Apitii
642 2055 849 2108 Maierbova'ni
870 2068 948 2103 prae
967 2056 1087 2102 ceteris
1109 2056 1240 2103 placuit.
1288 2057 1338 2092 Ita
1362 2069 1444 2092 vero
1467 2057 1558 2095 finit.

1322 2116 1362 2151 17
