1834 2439
204 125 268 157 {28
772 135 842 159 un.
869 135 912 159 11.
951 134 1030 159 cn.
1054 126 1133 159 xx.'

199 214 307 251 Caroli
338 214 476 260 Magni,
512 213 601 258 quod
636 213 802 249 nonnullis
834 212 979 250 Guncheri
1009 214 1102 250 locis·
1124 214 1234 250 lucem
1270 212 1427 250 afflindit:
1462 217 1547 250 tum
1575 214 1664 252 vitae

199 273 347 309 Friderici
368 268 537 307 Aenobarbi
558 271 731 316 descriptio
759 282 816 317 per
837 271 965 307 Paulum
986 269 1143 320 ρῗινυίιιηις
1179 269 1518 307 animadversionibus
1539 271 1662 317 additis

196 343 218 366 a
240 328 441 366 Rioeershusio.
1619 348 1624 354 ·

293 381 561 427 Francosordiemis
593 395 681 419 anno
704 385 807 425 ¹626,
845 385 968 421 inserta
1000 379 1214 432 scriptoribus
1246 395 1354 420 rerum
1383 375 1665 427 Germanicarum,

201 443 296 480 editis
318 453 337 477 a
357 440 496 476 Reubero.
545 440 569 476 F
572 442 612 477 ol
653 439 690 487 *)

165 517 167 519 ·
288 500 353 534 His
368 499 452 533 nihil
467 505 519 533 est
535 499 623 543 quod
638 498 811 539 addamus,
835 498 901 535 nisi
916 511 990 536 esse
1004 501 1130 545 primae
1144 499 1298 535 editionis
1314 497 1466 533 nimirum
1473 495 1668 542 Augustam

197 556 398 601 exemplaria
420 557 603 600 quaedam,
638 567 723 601 quae
754 556 789 591 in
812 556 880 592 fine
903 557 977 593 libri
998 558 1120 592 decimi
1149 557 1294 592 referant
1317 555 1491 598 imaginem
1514 550 1667 598 Aquilae,-

199 616 232 649 in
256 612 502 658 exemplaribus
534 613 607 647 aliis
638 619 752 647 autem
783 612 934 658 ejmdem
964 614 1120 649 editionis
1150 612 1350 653 desidemi,
1382 610 1491 656 spatio
1523 612 1664 657 paginae

195 682 300 707 vacuo
324 671 443 707 relicto
448 682 460 715 3
491 670 677 716 cujusmodi
700 676 753 706 est
774 671 870 711 illud,
901 681 968 716 quo
990 682 1054 716 ego
1075 678 1159 708 utor.

794 749 1153 771 -,--,--

647 809 1031 852 CAPUT
1101 810 1230 854 XX.

518 908 773 958 ,CONRADI
811 907 1001 955 CELTIS
1040 909 1344 951 MELOPOEA.

715 989 799 1014 Aue.
826 989 932 1014 vum.
962 978 1061 1012 1607.
1085 989 1164 1015 1201..

774 1065 1091 1077 οοοοοοοοοοοοοοοοο

293 1139 458 1174 Prolixior
480 1139 580 1183 hujus
605 1139 714 1183 operis
737 1138 926 1183 inscriptio,
959 1138 1079 1173 diffusa
1103 1150 1161 1183 per
1186 1140 1306 1184 viginti
1332 1153 1467 1184 versus,
1490 1150 1597 1190 atque
1618 1147 1665 1184 ita

200 1194 377 1240 diSposita,
402 1201 439 1230 ut
463 1195 604 1230 sormam
629 1195 767 1231 crateris
787 1197 922 1235 reserat,
946 1195 1022 1230 talis
1046 1201 1115 1233 est:
1138 1196 1355 1243 ‚‚Mel0poeae‚
1379 1201 1452 1236 sive
1471 1202 1665 1239 harmoniae

198 1253 460 1292 „tetracenticae
486 1264 589 1305 'super
618 1253 722 1288 XXll.
753 1263 876 1297 genera
908 1253 1115 1294 carminum,
1152 1254 1382 1296 heroicorum,
1421 1258 1663 1304 elegiacorum,

199 1333 220 1349 ‚,
228 1310 430 1354 lyricorum,
463 1316 496 1344 et
523 1310 828 1345 ecclesiasticorum
855 1311 1058 1354 hymnorum
1083 1322 1136 1356 per
1164 1311 1289 1346 Petrum*
1312 1312 1492 1356 Ίῖ-ίτοηὶιιοη.
1524 1322 1559 1351 et
1582 1317 1665 1352 alios

198 1367 346 1407 „doctos
375 1366 565 1402 sodalitalis
587 1367 767 1402 litterariae
790 1373 924 1402 nostrae
947 1368 1095 1407 musicos
1118 1370 1306 1406 secundum
1328 1375 1485 1413 naturas,
1516 1375 1661 1410 et'tem-

200 1435 312 1468 „pora
335 1426 559 1469 syllabarum,
584 1431 618 1457 et
635 1424 756 1468 pedum
775 1424 977 1465 compositae
995 1431 1029 1457 et
1046 1424 1217 1466 regulatae
1234 1423 1322 1458 ductu
1344 1425 1517 1464 conradi
1542 1429 1606 1465 Cel
1612 1432 1664 1465 tit

199 1480 374 1520 „feliciter
398 1481 589 1525 impressae.

580 1535 806 1577 „carminum
830 1534 945 1570 dulces
970 1545 1163 1570 resonemus
1186 1537 1282 1572 odas:

392 1592 532 1636 „Crater
579 1594 800 1635 „Concinant
823 1592 902 1627 laeti
927 1591 1019 1637 pueri
1043 1598 1192 1629 tenores:
1286 1592 1400 1630 Bacchi

576 1651 652 1693 „Et
674 1661 797 1696 graves
820 1650 950 1692 fauces,
974 1650 1103 1686 cithara
1126 1657 1276 1687 sonante.

973 1708 1148 1754 Temperet
1171 1710 1265 1745 alter.

296 1765 462 1810 „Optime
482 1766 673 1810 musiphile‚
698 1765 865 1810 strophas,
889 1765 922 1800 id
946 1772 1007 1805 est,
1031 1766 1242 1811 repetitiones
1261 1766 1454 1815 carminum,
1479 1742 1662 1808 collisiones

199 1824 450 1868 „syllabarum
475 1829 510 1858 et
533 1823 697 1858 connubia
715 1823 854 1867 pedum,
879 1833 938 1867 pro
956 1822 1076 1858 affectu
1091 1825 1193 1859 animi
1212 1830 1325 1864 motu,
1348 1831 1383 1859 et
1398 1830 1496 1869 gestu
1515 1830 1661 1874 corporis

202 1881 399 1925 „diligenter
406 1881 578 1916 observa.”
600 1880 784 1924 Hucusque
792 1879 919 1919 titu1us‚
934 1890 992 1924 qui
999 1880 1170 1917 dimidiam
1182 1880 1253 1916 folii
1266 1882 1364 1926 primi
1378 1888 1504 1928 partem
1514 1891 1663 1932 occupat.

238 2003 271 2037 ³)
287 2003 341 2031 His
359 2003 445 2037 adde,
474 2012 529 2041 qua
546 2003 697 2041 Klupselio
713 2005 759 2033 uti
778 2013 841 2033 non
859 2004 958 2038 licuit,
988 2005 1117 2041 optimae
1134 2009 1224 2034 notae
1240 2005 1415 2040 editionem„
1442 2016 1530 2045 qum
1546 2011 1665 2041 mavit

276 2048 311 2077 C.
329 2047 365 2078 D.
383 2048 509 2088 Dumge.
534 2049 760 2090 Heidelbergae,
780 2053 862 2084 181³.
897 2054 924 2083 8.
1012 2050 1056 2083 Ζ.
