1834 2439
204 157 281 193 132*
752 168 828 193 ua.
855 167 900 193 11.
948 168 1025 194 cn.
1052 169 1116 195 xx.

291 250 417 295 Neque
440 251 573 285 tandem
598 249 753 283 reticetur
776 248 810 282 in
834 248 917 288 fine,
943 249 1098 284 editionis
1121 260 1246 291 annus,
1271 249 1405 295 adjectis
1426 250 1519 286 hisce
1535 233 1665 288 verbis}

202 305 378 353 Impressum
398 317 475 341 anno
494 306 739 349 sesquimillesimo
761 310 789 339 et
808 307 930 351 septimo
951 304 1117 352 Augustae,

299 388 382 423 Vn.
421 387 630 421 Postremum
663 387 726 421 hoc
756 387 790 421 in
820 398 920 433 opere
950 387 1061 424 locum
1091 396 1183 425 tenet
1220 388 1386 424 neodem?
1413 387 1529 424 Ulsenii
1551 388 1667 425 Plurisir'

204 445 321 484 medici,
356 450 384 478 et
404 449 503 489 poetae
526 445 651 478 laureati
673 443 716 477 ad
740 443 953 479 conradum
977 443 1044 480 Cel
1051 451 1120 480 tem
1142 458 1273 488 carmen,
1309 458 1373 492 quo
1394 458 1472 482 eum
1498 447 1664 491 praedicat

204 503 253 537 rei
274 501 424 537 musicae
449 501 548 544 longe
571 501 816 544 peritissimum.

462 566 580 615 Orphea
602 579 681 605 cum
706 569 816 616 sylvis
840 570 975 613 fluvios,
1000 578 1038 608 et
1058 583 1143 607 taxa
1166 568 1357 608 moventem

575 629 716 662 Graecia
740 629 905 663 Lethaeos
928 629 992 663 fert
1014 629 1135 663 adiisse
1158 630 1258 664 lacus.

460 680 699 729 Euridicemque
722 683 789 719 illic
812 684 901 721 vitae
924 695 1104 720 renovasse
1126 685 1244 730 priori,

579 742 755 776 Servasset
776 742 888 787 stygio
911 742 941 776 si
964 743 1064 777 modo
1089 749 1183 786 pacta
1203 741 1286 786 Jovi.

465 796 563 832 Nunc
586 803 699 832 tamen
723 798 878 841 antiquae
900 803 1038 841 superat
1059 798 1231 832 mendacia
1255 798 1370 833 famae

577 852 733 888 Protucius
755 855 852 899 sylva
875 860 975 889 natus
999 854 1034 888 in
1055 852 1207 890 Hercinia.

462 910 597 946 Dulcior
622 910 675 947 hic
699 912 897 946 vates'cum
920 910 1027 956 tangit
1049 909 1189 957 Apolline
1211 912 1368 951 chordas,

544 1009 551 1011 s
581 968 722 1003 Auditor
744 967 825 1003 totis
849 969 1000 1003 sensibus
1023 980 1105 1015 esse*
1120 969 1231 1004 velim.

462 1023 550 1059 Tam
573 1025 720 1064 varium,
743 1031 815 1059 tam
837 1025 912 1059 lene
935 1025 1041 1059 meios
1064 1027 1243 1060 concordat
1267 1026 1301 1060 in
1324 1037 1448 1065 unum,

582 1082 665 1116 Tam
691 1082 830 1115 celerem
854 1081 973 1115 fidibus
997 1081 1142 1115 concitat
1164 1082 1220 1116 isse
1244 1083 1361 1126 lyram.

464 1139 546 1180 Quis
572 1148 689 1171 vocum
713 1143 864 1170 numeret
885 1137 1056 1175 modulos,
1084 1147 1169 1180 quos
1194 1138 1335 1180 psallere
1357 1138 1487 1178 doctus,

579 1192 791 1236 Exsuperans
814 1198 930 1227 nostro
953 1192 1114 1237 quidquid
1137 1194 1172 1227 in
1195 1193 1274 1228 orbe
1298 1195 1411 1229 micat.

465 1248 584 1294 Orphea
610 1259 677 1282 non
701 1259 764 1292 ego
788 1254 869 1283 tunc
893 1247 1039 1283 Phoebum
1062 1259 1123 1283 nec
1146 1250 1264 1283 cedere
1288 1250 1419 1285 credam

580 1307 623 1342 Et
647 1306 755 1351 pisces
779 1306 889 1341 medio
911 1305 1041 1342 flectere
1064 1317 1165 1352 posse
1188 1306 1281 1341 mari.

462 1365 565 1401 Hunc
588 1375 720 1408 quoque
742 1364 907 1398 Cadmeas
931 1375 997 1398 non
1021 1370 1153 1399 tantum
1174 1374 1295 1409 ponere
1320 1363 1476 1404 Thebas.

582 1421 649 1455 Sed
673 1420 805 1454 trahere
829 1430 849 1453 e
871 1420 985 1459 coelo,
1011 1420 1040 1454 si
1064 1420 1163 1459 velit,
1187 1428 1276 1455 astra
1299 1427 1407 1465 putes.

468 1476 637 1514 Nimirum
661 1479 785 1509 Caesar
808 1485 904 1509 meus
928 1475 1016 1509 hunc
1040 1476 1210 1514 observat,
1235 1482 1270 1509 et
1292 1483 1406 1516 ornat,

584 1533 693 1573 Quem
716 1532 773 1567 vix
794 1531 981 1567 Teutonicis
1002 1538 1118 1566 censet
1142 1532 1263 1568 habere
1284 1529 1406 1576 parem.

746 1621 759 1632 ,β
813 1588 950 1622 Plaudite
972 1587 1101 1623 Musae!

307 1671 412 1708 VIII.
461 1672 629 1716 Imagines
652 1672 753 1711 duae,
787 1671 970 1717 inscuiptae
1000 1672 1107 1715 ligno,
1142 1674 1222 1704 sunt
1247 1668 1440 1714 conjunctae
1464 1671 1541 1707 huic
1572 1675 1675 1718 operi.

210 1729 315 1766 Prima
336 1730 470 1763 exhibet
490 1727 678 1773 Apollinem,
704 1729 766 1762 sub
788 1729 881 1763 lauro
905 1730 1093 1767 sedentem,
1119 1727 1357 1770 ludentemque
1379 1728 1488 1773 chely.
1536 1731 1677 1766 Cinctus.

210 1793 281 1825 est,
314 1787 416 1821 latere
439 1792 601 1828 utroque,
634 1785 748 1828 figuris
776 1785 895 1825 variis,
928 1785 1173 1830 mythologiam
1195 1784 1419 1819 attinentibus.
1467 1787 1678 1832 Conspicitur

210 1853 321 1887 equus
347 1842 474 1880 alanis,
508 1841 584 1875 ibus
613 1841 789 1879 castalius,
821 1842 980 1884 templum
1008 1841 1181 1879 Minervae,
1212 1847 1245 1875 et
1267 1839 1387 1874 Dianae
1415 1843 1447 1876 in
1468 1842 1556 1889 jugis
1578 1856 1673 1881 mon-

212 1901 305 1935 tium.
365 1899 400 1934 ln
426 1899 582 1944 imaginis
607 1903 697 1943 parte
722 1897 892 1943 superiore
914 1898 1034 1942 legitur
1058 1897 1292 1939 hexastichon,
1328 1900 1416 1943 quod
1447 1900 1579 1947 incipit:
1613 1904 1680 1939 Hic

211 1956 265 1990 tibi
286 1956 404 1992 Bacche
423 1961 511 2001 pater
532 1962 583 1989 etc.

307 2016 421 2070 Imag‘o
449 2025 542 2059 altera
571 2028 797 2070 repraesentat
827 2019 973 2056 Phoebum
1002 2032 1078 2057 cum
1109 2021 1254 2066 cithara;
1286 2023 1319 2058 in
1343 2025 1479 2061 nubibus
1509 2028 1675 2063 eminente

212 2078 312 2127 Juve-
366 2084 492 2117 Phoebi
527 2083 614 2119 latus
652 2083 778 2128 stipant
807 2081 993 2121 Mercurius,
1031 2086 1065 2116 et
1096 2079 1213 2115 Pallas.
1286 2083 1502 2123 Circumdant
1531 2084 1679 2121 Phoebum
