1834 2439
802 66 1024 104 ammonia,
1057 92 1077 96 a
1552 73 1568 104 1
1579 65 1621 105 ¹3

516 158 681 196 Sonans
704 168 928 194 LITTERARH
955 168 1096 193 tainus
1118 166 1269 194 CLASSI'S.

369 239 610 294 Eustachius
633 238 876 289 Newburus,
906 240 1093 285 Eslingmm
1133 239 1176 284 ¹)

377 309 536 346 Thomas
557 308 736 350 Antius,
769 308 961 345 Cremisanus.
1007 307 1048 353 ἦ)

368 379 629 423 Hieronymus
650 377 745 411 Pius
765 377 1005 422 Baldungus.
1045 376 1085 420 θ)

366 446 604 481 pancratius
629 446 880 486 Vulturinus,
908 445 1089 481 Silesitmm
1130 445 1173 489 ὅ)

196 529 235 581 a)
252 542 469 574 Animadverti,
487 541 543 569 hoa
556 523 758 571 adolescentes
782 551 823 570 ex
841 542 931 570 variis
948 542 1117 570 nationibus
1136 541 1306 569 Germaniae
1322 541 1511 577 potissimum
1528 541 1622 570 ruisse

233 591 378 626 selectos3
403 592 437 617 ut
455 587 534 617 nulla
553 588 687 618 videatur
704 598 766 619 esse
782 592 960 627 contempta,
979 594 1029 618 aut
1048 598 1108 618 non
1121 587 1192 617 satis
1211 593 1275 625 apta
1290 587 1392 617 Musis.
1421 586 1497 623 Quis
1512 588 1621 619 Eusta-

235 637 311 666 chius
328 636 378 665 ille
396 635 498 667 fuerit,
516 642 565 664 aut
583 636 676 672 qualis
693 636 835 669 evaserit.
862 636 966 664 nullibi
983 637 1163 664 mentionem
1182 636 1307 669 aliquam
1318 635 1425 671 reperi.

194 706 231 743 b)
246 706 332 736 Plura
348 708 482 735 constant
507 704 544 733 de
567 703 669 733 noma
686 704 797 741 Aretio.
842 703 992 734 Nonnulla
1015 704 1168 742 seligimus
1191 712 1232 733 ex
1249 702 1358 732 multis.
1397 702 1500 734 Dictus
1529 704 1619 732 etiam

234 758 280 783 est
296 753 420 784 Roscius,
438 753 508 781 alias
525 751 627 784 Aesch,
644 749 840 780 communiter
859 750 1030 785 Velocianus,
1043 756 1105 780 aut
1122 750 1228 784 Panno,
1246 750 1416 780 Austriaeua
1434 750 1620 780 Cremisanus
1678 765 1680 767 >

235 799 287 836 (de
300 798 433 832 Kraembs)
461 800 546 834 poeta
566 801 626 825 erat
643 806 659 824 a
678 796 880 825 Maximinum
898 797 1062 829 laureatus,
1090 797 1229 833 magister
1247 798 1369 829 artium,
1398 796 1622 841 philosophicae

236 843 381 874 facultatis
399 842 649 876 bibliothecarius,
675 841 843 879 theologiae
861 841 1083 877 Baccalanreus,
1113 843 1158 871 bis
1182 850 1301 870 munere
1324 835 1447 871 recto'ris
1473 841 1623 880 magnifici

239 891 357 919 functus
376 890 406 918 in
425 888 567 917 academia
580 889 683 921 Vien.,
709 888 840 925 collegio
858 889 1067 917 canonicorum
1085 890 1116 917 in
1134 897 1247 916 summa
1265 888 1334 916 aede
1350 888 1384 916 ad
1404 887 1436 918 S.
1451 887 1625 926 Stephanum

238 936 407 972 adscriptus.
452 933 543 962 Teste
566 933 716 966 Vedium,
741 934 824 962 vices
851 934 913 971 egit
942 935 1057 963 Celtis
1083 933 1363 970 peregrinationibus
1390 934 1529 971 impediti.
1565 934 1626 964 De-

236 981 407 1009 nominatus
423 989 441 1008 a
456 979 569 1014 Celte,
598 984 786 1019 rogatusque,
805 985 848 1012 ut,
867 989 941 1018 quae
951 980 1092 1010 extremis
1109 980 1215 1009 tabulis
1232 979 1451 1014 constituisset,
1476 989 1543 1009 cum
1561 981 1625 1010 aliis

236 1032 451 1065 exsequeretur.
478 1027 545 1058 Vita
561 1027 679 1061 functus
696 1036 742 1056 an.
755 1029 834 1057 1520.
864 1022 961 1058 Varii's
973 1027 1188 1066 epigrammatis
1207 1026 1328 1057 ornavit
1341 1026 1468 1056 aliorum
1484 1027 1629 1065 opuscula

172 1102 178 1103 ι
235 1074 315 1103 Idem
336 1074 425 1102 edidit
447 1073 524 1102 Odas
545 1074 671 1108 Celtis-3
702 1077 733 1101 et
750 1073 864 1103 Aeneae
882 1074 976 1110 Sylvii
991 1074 1218 1102 Proverbiorum
1237 1072 1375 1101 libellum.
1403 1073 1488 1101 Vien.
1510 1075 1588 1106 1509.
1607 1074 1627 1105 4

216 1122 218 1125 “
235 1120 346 1148 Praeter
362 1119 500 1156 epistolas
522 1118 651 1155 ejusdem
675 1119 744 1146 alias
762 1120 842 1156 typis
866 1119 971 1152 editas,
1006 1122 1164 1156 suppetunt
1191 1117 1222 1145 in
1241 1117 1306 1145 cod.
1324 1118 1474 1154 epistolari
1495 1127 1566 1146 msc.
1585 1120 1624 1149 ad

236 1166 364 1195 Cenem
388 1165 529 1203 epistolae
555 1165 637 1195 duae.
690 1164 756 1195 Alia
782 1166 819 1195 de
840 1165 985 1195 Vetoniana
1008 1167 1189 1198 recurrent,
1212 1163 1263 1192 ubi
1287 1171 1385 1193 sermo
1411 1163 1467 1192 erit
1493 1163 1531 1194 de
1550 1165 1623 1196 oass

238 1213 393 1241 Celtici&

198 1271 230 1308 c)
249 1270 434 1308 Haeret-ymas
446 1270 514 1299 Pius
525 1269 700 1309 Baldungus,
718 1280 736 1300 e
752 1271 844 1301 nobili
854 1270 964 1299 familia
982 1271 1017 1300 de
1031 1269 1167 1300 Leonibus
1179 1274 1271 1304 ortus,
1292 1279 1309 1299 e
1320 1270 1448 1308 collegio
1467 1274 1621 1309 poetarum

232 1327 365 1348 summus
377 1318 427 1346 vir
440 1318 544 1347 evasit.
569 1317 738 1347 Translatus
755 1319 790 1347 ad
801 1318 975 1347 academiam
989 1317 1212 1356 biburgensem,
1228 1317 1343 1346 mdidit
1360 1322 1448 1347 artem
1462 1318 1618 1356 poeticam·

235 1370 357 1394 ornatus
370 1364 441 1401 juris
453 1364 603 1401 utrimque
620 1373 752 1401 suprema
770 1365 867 1393 laurea
884 1365 965 1401 juris,
984 1374 1017 1393 ac
1035 1364 1134 1401 legum
1153 1364 1333 1401 prudentiam
1351 1364 1382 1392 in
1394 1369 1498 1392 nostro
1513 1366 1621 1405 pariter

234 1406 387 1441 Athenaeo
412 1419 525 1440 summa
543 1419 610 1439 cum
628 1410 712 1439 laude
739 1410 898 1449 professus.
937 1410 1079 1440 Abdicato
1097 1410 1220 1439 docendi
1245 1419 1363 1440 munere
1388 1411 1515 1440 adlectus
1544 1413 1619 1442 inter
1653 1441 1655 1443 ,

234 1459 420 1488 consiliarios
433 1458 530 1495 regios
543 1457 774 1487 Ensisheimensis
786 1458 926 1497 gubernii.
964 1456 1074 1487 Nactus
1092 1458 1208 1486 demum
1227 1451 1334 1487 munus
1349 1458 1511 1487 Cam-:Varii
1523 1458 1617 1497 Regii,

235 1515 268 1534 ea
285 1505 426 1541 dignitate
444 1504 579 1533 auctus'a
599 1503 775 1534 Ferdinando
793 1504 993 1533 Romanorum
1007 1503 1094 1541 Rege.
1131 1503 1201 1532 Non
1219 1512 1346 1541 possum,
1364 1504 1432 1541 quin
1450 1503 1507 1532 huc
1524 1510 1618 1533 trans·

234 1550 356 1578 scribam
390 1550 476 1578 verba
509 1551 604 1579 nostri
636 1549 763 1579 Udatrici
785 1550 871 1579 Zasii
881 1570 890 1584 ‚
930 1551 980 1587 qui
1007 1549 1087 1578 Hier.
1113 1550 1262 1587 Baldungo
1291 1549 1434 1577 dedicavit
1467 1558 1512 1579 an.
1537 1553 1617 1582 1532.

232 1595 400 1624 Tractatum
420 1594 688 1628 Substitutionum;
717 1604 785 1624 eum
811 1597 841 1624 in
859 1595 981 1632 epistola
999 1596 1208 1632 nuncupatoria
1234 1594 1313 1622 hunc
1334 1595 1366 1623 in
1387 1596 1506 1624 modum
1530 1606 1617 1626 com-

232 1642 361 1681 pellans:
391 1640 474 1675 „Nec
492 1642 578 1675 enim,
596 1642 699 1678 inquit,
717 1642 837 1670 obscura
851 1646 896 1669 est
913 1646 979 1669 tuae
991 1641 1136 1669 doctrinae
1152 1641 1324 1674 eminentia3
1351 1649 1407 1678 qua
1422 1651 1438 1669 a
1450 1642 1616 1683 juventute

237 1698 328 1726 „prae
346 1687 448 1715 ceteris
461 1686 597 1715 omnibus
613 1688 746 1715 claruisti.
777 1687 919 1720 juvenem
937 1690 968 1714 te
985 1686 1161 1720 audivimus,
1192 1687 1327 1715 Aeneidis
1344 1687 1465 1724 Virgilii
1482 1698 1618 1726 mag-nam

235 1752 250 1769 ‚
262 1737 369 1771 partem
389 1733 556 1761 memoriter
574 1732 749 1761 recitantem.
786 1732 926 1760 Carminis
948 1732 1127 1766 facilitatem,
1147 1737 1176 1761 et
1191 1732 1362 1770 elegantiam
1380 1742 1447 1761 cum
1459 1737 1618 1766 sententia.

232 1789 321 1816 „rum
347 1779 492 1816 pondere.
527 1788 594 1808 cnm
621 1779 823 1816 perspicuitate
846 1775 886 1808 et'
902 1779 1022 1816 quadam
1049 1780 1164 1816 poetica
1188 1779 1343 1808 divinitate
1366 1779 1396 1808 in
1415 1784 1462 1812 te,
1491 1781 1615 1820 iuvene,

236 1826 374 1863 „saepius
396 1826 526 1854 admirati
550 1834 658 1855 sumus.
701 1825 776 1859 Juris
799 1825 897 1854 civilis
920 1825 1085 1855 doctrinam
1112 1826 1172 1864 jam
1199 1829 1263 1853 tum
1286 1826 1381 1854 minor
1406 1831 1496 1858 natu
1526 1838 1615 1867 supra

233 1892 248 1908 „
258 1872 358 1902 aetatis
375 1872 521 1909 vigorem,
538 1873 578 1902 ita
594 1872 779 1907 exhauseras,
798 1876 831 1903 nt
848 1877 879 1901 et
895 1872 1010 1909 publice
1027 1872 1196 1902 tractaveris
1214 1876 1285 1899 etc.·'
1321 1873 1354 1901 ln
1372 1873 1496 1910 epistola
1513 1882 1616 1906 antem

237 1920 273 1949 ad
292 1920 443 1948 Erasmum
460 1918 537 1948 idem
555 1919 663 1949 Zosim-
680 1919 716 1947 de
733 1923 836 1947 nostro
854 1918 1005 1958 Baldungo
1021 1918 1092 1948 haec
1111 1919 1211 1947 habet:
1240 1918 1294 1947 Vir
1311 1924 1354 1947 est
1368 1924 1395 1948 et
1406 1920 1485 1958 juris
1500 1924 1619 1959 peritis-

236 1969 330 2000 simus,
347 1968 374 1994 et
391 1966 505 2004 insuper
520 1967 644 1997 omnibus·
662 1957 843 1996 humanitatis
854 1965 972 1995 studiis
977 1974 1014 1994 ex
1025 1966 1091 2003 pari
1107 1965 1227 2000 doctus3
1244 1969 1271 1995 et
1288 1969 1320 1995 ut
1337 1968 1418 1996 verbo
1437 1966 1538 2000 dicam.
1556 1979 1619 2000 eum

233 2014 384 2053 „nuperius
401 2012 622 2051 Hieronymum3
655 2022 708 2052 quo
723 2021 775 2050 pro
791 2012 900 2044 ratione
923 2013 1024 2045 aetatis
1059 2013 1198 2050 (medum
1221 2012 1296 2042 enim
1313 2013 1493 2052 trigesimum
1514 2024 1621 2049 annum
