1834 2439
181 129 254 166 '¹¹2
726 134 797 159 ιιι.
823 133 867 157 11.
913 132 996 158 cu.
1021 130 1120 157 xvir.

749 211 832 246 Rsx
862 220 1100 246 nesrouner:

436 283 544 321 Nemo
566 294 609 317 ex
630 281 695 316 hoc
717 292 856 316 numero
878 279 964 315 mihi
987 292 1055 315 non
1078 278 1221 315 donatus
1243 278 1359 320 abibit.

508 340 668 374 Vestrum
690 338 872 374 defendens
900 337 958 373 hic
981 343 1017 374 et
1038 337 1160 383 ubique
1183 338 1331 373 chorum.

501 430 721 466 Conveasus
747 442 795 467 an
820 441 1082 466 sucta-roam
1106 431 1336 466 Mencuams.

439 513 470 549 0
493 523 574 552 vos,
603 511 662 557 qui
686 513 803 548 dulces
824 513 963 549 audistis
986 513 1134 549 carmine
1157 513 1285 552 Musas.

423 555 431 568 ⁰
534 567 750 603 Mamilianei
772 570 883 604 dicere
902 569 991 604 facta
1015 570 1136 604 Ducis:

438 623 491 663 lte
504 626 608 663 *bonis
632 626 782 668 auribus,
818 631 948 662 vestras
971 638 1061 663 nunc
1081 626 1127 663 ite
1148 625 1212 662 sub
1230 623 1343 664 aedes:

532 685 664 719 Devota
687 692 722 719 et
745 685 854 719 Musis
876 691 990 719 mente
1012 685 1123 719 favete
1145 683 1256 718 sacris.

280 762 392 809 Atque
416 762 471 799 hic
492 762 578 799 alter
601 768 675 798 erat
696 763 799 799 ludus
825 764 987 802 scenicus,
1012 773 1112 807 quem
1134 772 1246 797 coram
1267 759 1485 796 Maximiliano
1508 757 1655 793 exhibuit

192 819 293 853 Celti
299 832 323 855 s.
375 823 411 855 ln
438 827 580 864 utroque
610 821 791 865 Imperator
822 820 994 855 coronavit
1016 826 1172 865 poetam;
1212 825 1247 854 et
1275 826 1404 855 actores
1430 815 1655 851 munificentia

190 876 280 922 regia
303 873 448 913 donavit.

283 981 351 1016 111.
398 981 554 1016 Succedit
589 980 666 1016 huic
696 980 775 1015 ludo
809 982 989 1026 epigramma
1018 979 1053 1013 de
1084 979 1137 1014 Hu
1151 992 1163 1013 s
1177 1006 1186 1019 ‚
1224 977 1303 1023 quod
1328 990 1414 1013 anser
1442 978 1654 1019 interpretum.

191 1037 319 1073 Alludit
345 1036 470 1072 Celtis
492 1038 536 1073 ad
558 1038 608 1076 id,
640 1039 727 1083 quod
749 1037 879 1073 Hussius
901 1043 1056 1083 expertus
1080 1044 1132 1073 est
1163 1036 1358 1072 Constantine.
1406 1033 1569 1071 Carminis
1593 1030 1655 1065 ini-

189 1095 298 1130 tium:
330 1093 430 1128 Anser
454 1093 498 1128 ad
517 1094 684 1128 Almannos
705 1095 849 1130 volitabat
871 1106 976 1128 raucus
997 1096 1098 1129 olores.
1146 1096 1284 1139 Legitur
1309 1090 1473 1137 integrum
1498 1093 1598 1126 etiam
1622 1090 1658 1123 in

192 1151 387 1194 collectione
405 1149 639 1184 celticorum
662 1151 959 1195 epigrammatum,
991 1161 1077 1194 quae
1099 1156 1213 1194 postea
1230 1141 1442 1194 proferemus.
1481 1148 1658 1191 Epigram-

192 1207 273 1249 mati
302 1207 338 1241 in
361 1206 505 1241 Hussium
536 1206 694 1252 adjuncta
717 1215 770 1243 est
799 1207 923 1242 Celtis
955 1208 1020 1242 ode
1040 1207 1204 1252 Sapphica
1244 1206 1288 1240 ad
1305 1198 1472 1251 gmerosum
1495 1203 1659 1238 Dominum

191 1259 370 1300 Bohuslaum
399 1263 435 1296 de
456 1263 664 1304 Harsensteim
701 1254 737 1298 de
767 1266 825 1299 situ
846 1264 984 1308 Pragae,
1021 1262 1058 1297 de
1087 1265 1172 1297 sectis
1200 1269 1228 1297 et
1257 1261 1420 1297 haeresibus
1449 1263 1481 1295 in
1504 1259 1656 1295 Bohmia.

192 1321 327 1367 Incipit:
352 1319 443 1354 Bosle
466 1319 624 1355 Bemorum
647 1320 732 1356 decus
754 1327 782 1356 et
804 1322 922 1356 mentis.
970 1320 1122 1356 Occurrit
1143 1330 1277 1356 carmen
1301 1321 1410 1362 ide1n3
1437 1319 1495 1354 sed
1515 1323 1659 1363 quatuor

191 1378 337 1422 strophis
358 1379 490 1412 auctius
512 1379 582 1412 Lib.
599 1380 621 1412 1.
646 1380 802 1417 odarum,
826 1380 886 1413 od.
902 1378 1061 1417 XXVH„
1084 1386 1120 1413 et
1135 1378 1353 1412 emendatius.
1390 1377 1428 1411 In
1448 1376 1659 1420 inscriptione

194 1444 328 1480 quoque
358 1425 615 1478 deprehenditur
646 1434 826 1468 lectionum
859 1433 1007 1467 varietas.
1056 1434 1092 1467 ln
1119 1432 1292 1478 Rtmpsodia
1321 1434 1411 1468 enim
1444 1432 1579 1477 legitur:
1607 1430 1664 1482 ..ad

191 1491 376 1528 Bohuslaum
399 1489 434 1526 de
447 1491 646 1526 Hassmstein.
695 1491 733 1526 ln
754 1491 846 1526 libris
869 1490 1013 1535 vulgatis
1026 1490 1186 1525 Odarum:
1219 1489 1263 1525 ad
1280 1488 1482 1539 Jovinianum
1505 1489 1657 1525 Bostaum.

194 1550 231 1584 ln
254 1550 328 1583 cod.
351 1559 434 1583 msc.
468 1547 710 1593 Norimbergmsi
738 1548 909 1583 Odarum:
947 1547 990 1580 ad
1015 1541 1217 1593 ffwinit'mum
1240 1547 1357 1582 Album.
1429 1548 1544 1591 Neque
1568 1547 1663 1582 aliter

198 1605 311 1650 incipit
340 1604 468 1650 primus
492 1605 694 1641 versiculus:
728 1603 808 1639 Albe
830 1604 988 1639 Bemorum
1011 1603 1096 1637 decus
1123 1603 1184 1639 &c.
1244 1605 1335 1639 Idem
1359 1603 1436 1639 Atha·
1465 1616 1584 1640 nomen
1608 1615 1661 1639 re-

198 1666 327 1697 tentum
349 1669 401 1698 est
429 1664 462 1698 in
486 1663 563 1698 edit.
588 1664 687 1708 vulg.v
723 1662 819 1697 initio
847 1661 1004 1706 strophae
1026 1662 1189 1697 decimae:
1235 1661 1322 1702 Albe,
1359 1668 1391 1697 tu
1419 1668 1515 1697 tantos
1536 1663 1661 1707 fugiens

196 1719 340 1754 tumultus.
390 1720 602 1764 Epigramma
627 1720 719 1756 Odae
743 1720 820 1754 huic
842 1719 1027 1762 Sapphicae
1046 1718 1250 1763 adjunctum:
1283 1719 1383 1764 Quare
1400 1725 1502 1764 poetae
1525 1720 1660 1753 trinomi-

197 1786 262 1812 Μ’,-
293 1775 387 1820 cujus
407 1776 537 1812 initium
560 1784 613 1813 est
625 1788 637 1822 ς
670 1775 812 1823 Quisquis
841 1775 981 1822 adoptivo
1002 1774 1064 1811 &c.
1104 1776 1220 1811 redibit
1248 1776 1382 1812 inferius
1419 1775 1454 1810 in
1478 1775 1570 1811 libris
1593 1776 1662 1822 epi·

198 1840 428 1876 grammatum.

291 1938 355 1973 iv.
403 1937 543 1984 Sequitur
562 1937 716 1975 Sodalitas
737 1912 881 1976 IffleiarM
908 1940 996 1976 Vim.
1024 1939 1151 1984 collegii
1172 1943 1199 1973 et
1222 1938 1376 1973 irumctae
1397 1938 1511 1974 classes.
1559 1924 1662 1976 Erant

201 1994 314 2030 selecti
334 2007 353 2030 e
375 1998 514 2043 collegio
537 2004 712 2044 poetarum
734 1999 864 2036 alumni
885 1998 1178 2038 duodecimstres
1200 1996 1235 2032 in
1257 1997 1378 2033 classes
1400 1997 1555 2033 distincti.
