1834 2439
204 146 272 187 ¹24
322 187 328 192 ‚
752 153 821 179 us.
847 152 891 176 ιι.
935 152 1013 178 cn.
1036 152 1128 182 xm,

801 229 1068 280 CONTENTA:
1137 278 1140 281 .
1395 264 1397 266 .

226 302 228 304 ’
252 304 291 351 ι)
314 303 476 340 Praefatio
497 302 660 337 sodalium
683 301 919 345 litterariorum
932 328 941 342 ,
967 304 1024 348 qui
1047 302 1200 349 Augustae
1221 305 1393 350 degebant.

255 375 294 415 a)
318 374 458 408 Carmen
486 369 651 405 conradi
675 369 801 404 Celtis
823 370 867 405 ad
887 369 1078 416 Ligurinum.

250 440 291 486 3)
314 442 523 484 Argumenta
544 440 701 476 librorum
715 439 842 475 decem.
889 438 1087 477 Adnectitur
1101 442 1301 488 epigramma
1318 440 1439 477 Celtis
1456 441 1502 479 ad
1511 440 1668 491 eJ'ommem

311 497 462 543 Rymann.

249 566 291 613 4)
321 568 413 613 Opus
437 568 566 613 ipsum3
600 567 673 604 sive
698 567 787 603 Libri
818 568 934 604 decem
959 568 1127 605 Guntheri
1150 575 1269 615 poetae
1291 569 1333 604 de
1356 569 1451 604 rebus
1475 566 1621 606 ffldericu·
1639 566 1669 605 Ῑ.

318 625 417 670 imp,
443 625 653 670 potissimum
674 627 779 670 gestis
802 627 838 661 in
861 625 1003 671 Liguria.

253 693 293 741 5)
313 694 473 729 Clausula
503 694 586 730 libro
616 695 746 729 decimo
774 695 918 735 adnexa,
946 695 1127 740 'designans‘
1158 693 1312 729 editionis
1340 705 1483 735 annum,
1512 701 1550 732 et
1576 701 1670 741 typo-

322 752 443 797 graphi
465 750 662 796 Augustensis
683 763 815 786 nomen.

253 821 294 858 6>
317 819 470 864 Epistola
496 817 585 853 Conr.
609 818 779 863 Peutingeri
801 818 844 853 ad
862 817 1112 853 Maximiliamm
1134 818 1213 864 imp.

249 886 294 934 7)
319 887 469 933 Epistola
491 884 638 922 Friderici
661 886 689 923 Ι.’
711 887 790 932 imp.
813 887 857 922 ad
883 865 1021 921 Omnem
1040 884 1263 931 Frisingmem.

255 954 298 1001 8)
321 954 411 990 Com.
425 955 601 1000 Peutingeri
620 957 810 992 dissertatio
828 956 985 990 historica
1002 956 1045 990 de
1061 963 1150 995 ortu,
1170 966 1308 999 genere,
1326 955 1470 1001 posteris
1483 953 1629 990 Friderici
1641 952 1670 990 1.-

256 1022 298 1070 9)
322 1023 502 1059 Conclusio
525 1024 632 1059 totius
655 1025 783 1069 operis;
813 1036 855 1059 ex
879 1034 944 1069 qua
965 1029 1111 1062 constat,
1138 1023 1254 1067 quibus
1278 1034 1336 1068 per
1358 1025 1569 1059 Germaniam
1594 1034 1673 1058 aca-

330 1080 449 1116 demiis
469 1083 721 1127 commendatus
734 1081 833 1117 fuerit
847 1080 1023 1126 Ligurinas,
1040 1081 1081 1116 ad
1096 1092 1176 1116 usus
1190 1081 1447 1125 praelectionum
1459 1082 1672 1126 publicarum.

298 1171 323 1207 1.
365 1173 461 1213 Quae
483 1172 525 1206 ad
550 1173 723 1207 historiam
750 1172 875 1217 primae
898 1171 994 1216 hujus
1017 1172 1124 1216 operis
1145 1172 1299 1207 editionis
1321 1179 1491 1218 spectant.
1515 1174 1671 1209 disertius

205 1234 417 1274 exponuntur
448 1229 483 1264 in
515 1230 725 1275 praefatione.
789 1230 892 1264 Lectu
923 1230 1059 1273 indigna
1091 1241 1157 1264 non
1188 1236 1284 1270 sunt,
1316 1241 1402 1276 quae
1431 1231 1472 1265 de
1500 1232 1673 1267 occasione

205 1287 325 1330 reperti
359 1295 383 1321 a
414 1284 519 1321 Cette
550 1288 642 1326 libri,
678 1287 894 1332 ejusdemque
925 1287 1070 1322 editione
1101 1287 1296 1323 referuntur.
1360 1288 1431 1328 Nos
1460 1288 1672 1334 praefationis

205 1342 353 1383 initium,
383 1345 473 1389 quod
501 1345 650 1378 maxime
679 1344 743 1379 huc
770 1344 908 1384 attinet,
941 1345 1118 1379 lectoribus
1142 1345 1263 1379 nostris
1285 1345 1492 1379 exhibemus.
1548 1344 1671 1384 „Mar-

207 1399 364 1443 „qumdus
388 1401 423 1434 de
446 1398 550 1435 Staim
583 1401 743 1434 ecclesiae
767 1400 993 1444 Bamberge'nsis
1010 1394 1245 1444 praepositus,
1277 1390 1448 1435 Matthaeus
1469 1400 1676 1443 Marsclmlck,

211 1455 414 1497 „Bernartius
434 1461 462 1490 et
487 1455 639 1490 Conmdus
662 1455 883 1496 Adelmannde
896 1455 1195 1500 ,Adelmanmfildm,
1227 1458 1404 1497 Canonici‚
1431 1457 1583 1494 conradus
1604 1457 1679 1494 Pf'u-

210 1514 353 1558 ‚,tinger‚
377 1519 406 1547 et
431 1511 578 1559 Georgius
600 1512 749 1553 Herbart,
775 1514 905 1549 Lectori
929 1514 1079 1549 salutem.
1129 1514 1230 1549 Venit
1254 1515 1306 1550 his
1325 1515 1439 1550 diebus
1463 1515 1675 1561 Augustam

211 1575 233 1611 2',
244 1570 447 1605 conradus
479 1571 622 1611 Celtis,
657 1572 707 1604 vir
728 1578 799 1605 tum
824 1573 857 1605 in
880 1572 974 1606 bonis
995 1573 1119 1606 artibus
1141 1573 1287 1615 apprime
1310 1573 1445 1614 doctus,
1478 1582 1549 1609 tum
1574 1576 1676 1610 etiam

209 1628 380 1672 „diligens
410 1629 590 1662 admodum
621 1634 768 1662 veterum
797 1628 993 1672 scriptorum
1023 1629 1211 1672 indagator:
1244 1640 1341 1673 quem
1370 1641 1446 1664 cum
1474 1641 1532 1678 pro
1562 1637 1674 1666 nostra

197 1694 321 1729 „erga
342 1696 420 1720 eum
443 1685 590 1720 amicitia
616 1686 750 1720 allocuti
774 1685 972 1724 fuissemus,
1004 1686 1214 1730 rogavimus,
1247 1687 1276 1722 si
1300 1688 1427 1732 aliquos
1447 1688 1551 1722 'libros
1575 1693 1674 1727 antea

211 1743 337 1785 „nobis
370 1741 552 1785 incognitos
583 1742 821 1785 peregrinando
851 1753 908 1787 per
922 1747 923 1750 ’
936 1743 1150 1777 Germaniam
1182 1744 1375 1789 reperisset,
1413 1749 1450 1777 ut
1475 1753 1589 1777 eorum
1613 1753 1673 1788 pro

212 1803 320 1842 „sua‘
347 1799 382 1833 in
419 1808 537 1832 omnes
572 1798 781 1833 humanitate
815 1799 945 1842 copiam
980 1801 1074 1834 nobis
1113 1800 1244 1835 faceret.
1311 1800 1457 1839 Retulit,
1494 1798 1673 1844 Ligurinum

210 1882 232 1899 „
240 1857 423 1903 quendam,
449 1855 620 1899 egregium
643 1850 792 1899 poetam,
817 1855 858 1888 de
882 1856 980 1890 rebus
994 1856 1105 1899 ‚gestis
1126 1867 1184 1900 per
1208 1855 1389 1890 Fridericum
1420 1856 1561 1901 primum
1588 1847 1672 1893 Cae·

214 1940 235 1957 2,
244 1925 369 1954 sarem,
401 1913 436 1948 in
457 1912 661 1948 monasterio
680 1911 831 1957 quodam
864 1910 1007 1946 Franciae
1040 1911 1217 1952 ostentatis,
1250 1923 1349 1957 quam
1380 1920 1542 1951 nostrates
1575 1914 1674 1950 Fran·

214 1974 356 2013 „conium
378 1972 565 2017 appellant,
601 1981 639 2005 se
663 1970 842 2005 invenisse.
897 1969 1050 2004 Eundem
1081 1981 1157 2005 eum
1185 1970 1379 2015 legendum,
1410 1982 1450 2006 ac
1480 1983 1539 2018 per
1567 1974 1673 2008 otium
1732 1989 1734 1991 -

215 2030 510 2074 „conspiciendum
531 2029 625 2065 nobis
644 2027 861 2064 tradidissem
878 2026 1325 2073 existimavimusprosecto,
1349 2029 1486 2073 dignum
1505 2029 1593 2066 fore.
1617 2030 1673 2073 qui

212 2096 304 2133 „per
325 2096 384 2121 ora
407 2086 517 2123 virum
539 2085 703 2130 volitaret.
759 2084 938 2124 Adhortati
966 2086 1078 2132 itaque
1107 2083 1271 2124 Conradum
1295 2087 1436 2131 fuimus,
1459 2093 1513 2131 ..ut
1531 2086 1684 2133 exprimi»
