1834 2439
766 68 986 96 uiu’soms„>
1537 66 1602 103 1¹1

414 151 481 187 Hic
500 151 555 186 ubi
578 149 790 196 spumiferum
812 150 915 196 Regas
938 160 976 186 se
999 147 1103 186 voluit
1126 148 1162 185 in
1180 147 1308 190 Istmm,

412 208 525 253 Atque
546 208 740 253 Ratisponam
763 208 954 244 victricibus
977 208 1093 253 irrigat
1115 208 1222 243 undis.

237 290 384 327 Vocatur
408 301 428 324 a
443 287 643 335 Paresiphano
663 290 805 326 Phoebus
827 301 906 326 cum
925 289 1045 325 Musis.
1093 286 1226 324 Phoebus
1246 286 1378 329 invitat,
1400 297 1443 323 ac
1456 286 1613 325 hortatur

143 349 259 384 Musas
282 349 322 382 ad
338 348 470 394 victoris
495 347 706 403 celebrandas
724 348 852 382 laudes
895 347 1044 383 Advolat
1057 347 1235 386 Mercurius,
1258 347 1373 382 Phoebi
1388 345 1609 391 pedisequus;

141 416 209 440 una
232 416 308 440 cum
329 392 475 441 Baccho,
509 416 607 449 quem
630 403 832 439 comitantur
854 402 957 449 Satyri
979 410 1014 439 et
1034 399 1142 439 Fauni.
1191 401 1258 439 Clio
1277 404 1364 439 inter
1388 404 1506 439 Musas
1517 404 1608 439 loco

142 463 250 507 priore
272 463 424 497 decantat
443 471 558 496 versus
585 471 686 496 suos·
676 486 686 503 ‚
723 466 800 505 post
823 470 898 495 eam
922 457 1039 496 Musae
1062 461 1218 506 reliquae.
1267 461 1426 497 Recitatis
1448 461 1606 497 carmini-

142 519 203 554 bus
222 530 243 553 a
259 520 431 554 Musarum
453 520 564 558 choro,
589 518 715 553 accedit
736 528 860 562 persona
882 517 1050 558 laureando,
1073 524 1186 564 petens
1207 518 1251 554 ab
1269 518 1470 564 Imperatore
1489 525 1606 564 poeta-

99 601 104 604 *
140 587 216 610 rum
232 576 380 619 insignia.
423 575 675 620 Inauguratione
691 580 831 620 peracta,
857 581 994 610 cantant
1011 576 1140 611 Musae.
1153 582 1200 611 et
1219 576 1342 612 saltant
1359 577 1402 612 ad
1416 588 1604 618 numerum.

138 631 253 667 Phoebo
276 644 353 667 cum
378 633 501 668 cithara
531 638 639 667 stante
662 632 697 667 in
720 642 836 667 earum
861 632 981 667 medio.
1028 633 1137 668 Finito
1154 633 1180 667 v‘a
1199 633 1306 669 Musis
1330 640 1442 676 cantu,
1465 634 1606 671 Bacclm

141 700 221 725 cum
243 689 373 734 Satyris
397 691 511 729 saltat,
543 696 576 725 et
599 690 707 727 canit,
735 690 838 735 raptis
862 690 986 725 Musis:

458 764 586 799 Seculis
609 763 733 797 nostris
753 762 1120 807 modogratulandum„

458 821 554 860 Quod
578 826 630 854 tot
656 820 777 854 electos
801 819 923 854 habeat
945 825 1060 863 poetas

460 875 615 911 Austriae
639 875 761 910 tellus:
803 875 872 914 ubi,
902 876 1055 911 Bacche,
1085 874 1198 909 fundis

785 931 931 965 Plurima
953 931 1048 965 dona.

406 1041 413 1047 ,
456 1001 617 1036 Maximus
639 1002 775 1046 Regum
798 1002 855 1037 dat
876 1000 1063 1036 Aemilianus

457 1060 583 1095 Munus
607 1059 670 1093 hoc
693 1059 806 1098 nobis,
841 1055 969 1094 veteres
990 1059 1154 1094 reducens

458 1117 497 1151 ln
520 1127 599 1151 suas
621 1122 725 1150 terras
749 1126 931 1160 generosus
954 1121 1042 1150 artes
1116 1113 1118 1116 ’

774 1171 871 1206 Aere
886 1172 1031 1216 perenni.

456 1242 553 1276 Unde
575 1252 636 1276 nos
664 1241 775 1276 cuncti
798 1241 938 1286 juvenes
962 1250 1146 1286 precamur,

454 1298 580 1345 Jupiter
601 1298 723 1333 multos
746 1298 807 1333 tibi
828 1290 887 1332 det>
905 1297 1099 1342 triumphos,

458 1354 634 1390 Nestorem
657 1355 757 1400 longa
781 1364 942 1399 superans
967 1359 1100 1388 senecta

774 1411 919 1457 Corpore
943 1423 1048 1455 sano;

455 1483 501 1524 Ut
524 1489 624 1528 queat
646 1483 767 1518 nostris
790 1494 961 1519 removere
984 1482 1086 1518 terris

457 1540 620 1575 Perfidum
643 1542 784 1576 Turcum
806 1542 915 1586 gladio
937 1542 1058 1576 minaci
1117 1562 1122 1566 ἡ

453 1598 624 1631 Sarmatas
648 1599 744 1638 ultra,
768 1598 963 1642 Suedosque
986 1597 1122 1641 pellens,

710 1688 713 1691 .
771 1654 857 1689 Cum
880 1652 1096 1688 Boemannis.

524 1743 743 1779 MERCURIUS
769 1755 900 1780 ACTUM
927 1754 1168 1781 coucmnrr:

336 1827 411 1861 Hoc
438 1826 497 1861 tibi
521 1831 613 1860 casta
636 1825 770 1866 cohors,
801 1826 875 1860 Rex
898 1826 1131 1866 invictissime,
1162 1835 1297 1861 carmen

427 1882 532 1918 Offert
554 1882 681 1916 devotis
703 1880 839 1917 candida
862 1883 1064 1927 pectoribus:

255 1966 270 1973 -v
334 1941 618 1984 commendatque
642 1940 700 1975 tibi
720 1939 788 1986 jam
811 1940 896 1975 flexo
918 1939 1041 1986 poplite
1064 1940 1189 1978 Musas.

431 1999 525 2045 Quae
548 2004 582 2033 te
606 2003 766 2044 perpetua
788 1998 884 2034 laude
908 1998 968 2033 sub
987 2004 1078 2033 astra
1101 1997 1216 2033 ferent.

1319 2054 1396 2090 ιδ*
