1834 2439
720 112 987 158 maiacum
1035 133 1037 137 ’
1542 130 1606 168 149

143 212 221 249 ηἰη-
237 212 384 259 principes
404 223 509 247 aureae
530 213 637 248 aetatis
659 219 782 259 poenas,
802 215 1016 260 maximoque
1044 213 1081 249 in
1105 215 1213 260 pretio
1236 214 1390 251 habitum
1421 217 1464 252 ab
1486 215 1611 256 Eobam

144 270 256 310 Hem,
280 271 336 316 qui
360 271 510 307 carmine
533 272 746 307 ornatissimo
769 271 842 318 ejus
864 284 987 308 nomen
1010 272 1201 309 celebravit.
1249 273 1303 309 En
1317 274 1477 312 caminis
1490 275 1612 313 Ecba

144 327 274 366 initium
296 334 331 365 et
354 328 484 364 finem.
477 327 485 351 ¹

411 386 519 421 Saum
542 384 735 420 Latinorum
759 397 894 420 consors
916 398 983 421 non
1006 387 1123 422 ultime
1149 391 1264 424 vatum

504 443 658 477 Carmina
680 443 787 478 Pieria
808 445 959 487 clangere
978 445 1074 479 docte
1096 445 1205 490 chely.

407 499 464 536 Sic
486 498 570 534 mihi
583 499 652 544 qui
675 500 796 534 cecinit
819 501 944 536 vocalis
966 503 1112 538 carmina
1132 501 1279 545 suarm,

423 556 425 562 '
506 554 685 591 Lusciniae
708 558 816 592 dicam
838 557 970 593 vincere
992 569 1090 604 saepe
1112 560 1228 600 melos,

234 646 324 681 1x.-1
343 646 448 681 Prima
473 653 542 682 tres
566 642 652 683 inter
673 642 852 693 imagines,
883 660 969 694 quae
999 650 1081 685 huic
1110 651 1271 695 opusculo
1305 659 1498 689 ornamento
1518 660 1609 693 sunt.

141 710 370 747 repraesentat
382 705 527 747 aquilam
551 705 826 748 monocephalon,
850 706 974 749 pectori
990 705 1089 741 affixa
1101 716 1271 751 gerentem
1279 709 1471 744 Austriacae
1487 711 1609 744 domus

138 770 231 795 arma
250 760 421 805 gentilitia.
469 761 625 804 Imaginis
655 770 772 806 margo
805 763 952 808 superior
970 763 1221 809 ,inscriptionem
1250 765 1413 805 continet,
1449 766 1502 801 his
1526 777 1607 802 con-

136 824 267 860 ceptam
291 818 416 852 verbis:
440 816 620 851 Aeternitati
641 820 765 861 imperii,
788 824 817 852 et
836 820 971 859 felicitati
994 821 1118 864 inclytae
1138 821 1254 855 Domus
1267 821 1445 857 Ausm'acae
1467 823 1607 857 dicm-

135 868 245 910 Limbi
265 873 429 911 inferioris
442 874 592 920 >spatium
614 875 730 919 implet
753 875 819 918 hoc
844 876 1031 912 distichon:

341 945 444 981 Astra
471 947 540 980 Deo
564 946 609 980 nil
630 946 738 991 majus
763 946 905 986 habent,
947 947 993 980 nil
1017 948 1160 982 Caesare
1183 955 1308 983 terrae:

441 1003 479 1038 Si
502 1004 625 1038 Caesar
646 1010 763 1043 terras,
787 1010 822 1038 et
847 1004 935 1038 neus
958 1010 1048 1038 astra
1071 1006 1166 1048 regit.

799 1083 844 1119 H.
891 1087 934 1120 B.

244 1150 373 1190 Quibus
392 1125 515 1200 llittefis
539 1151 730 1195 designatur
753 1151 936 1195 imaginum
960 1152 1110 1196 sculptor
1134 1151 1223 1185 Hans
1244 1151 1434 1195 Burgmaier.

231 1239 364 1276 Secunda
387 1241 527 1286 effigies,
559 1243 680 1278 ceteris
711 1242 827 1282 latior,
863 1242 997 1277 exhibet
1026 1242 1184 1286 praelium
1215 1255 1292 1278 cum
1324 1242 1414 1277 omni
1446 1248 1607 1287 apparatu

134 1297 252 1333 bellica
265 1322 273 1337 ‚
306 1306 553 1343 prostratosque
582 1301 716 1339 hoste&
751 1299 920 1334 Bohemos
954 1300 1163 1343 potissimum
1177 1325 1186 1339 ‚
1220 1301 1302 1334 duce
1332 1298 1551 1332 Maximiliano
1571 1299 1603 1333 J.

135 1353 351 1402 Imperatore,
381 1365 489 1401 prope·
504 1356 730 1400 Ratisponam.

227 1425 306 1458 Icon
329 1426 415 1458 tertia
442 1425 542 1459 refert
565 1426 694 1469 insignia
724 1432 916 1469 poetarum;
947 1424 1135 1469 eujusmodi
1164 1431 1259 1459 sunt:
1302 1426 1431 1459 Laurea
1462 1427 1599 1469 poetica,

133 1482 276 1518 annulus
300 1485 436 1523 aureas,
459 1482 621 1523 biretum,
644 1483 797 1529 sigillum
813 1482 963 1528 collegii,
995 1493 1060 1527 quo
1083 1482 1257 1518 exhibetur
1281 1481 1400 1527 Apollo
1433 1492 1498 1516 una
1522 1493 1599 1517 cum

135 1540 320 1579 Mercurio,
345 1540 469 1583 sagitta
492 1541 678 1585 perfodiens
701 1547 886 1585 serpentem
903 1551 913 1582 ;
949 1547 1119 1584 sceptrum
1147 1540 1331 1583 praeferens
1354 1539 1497 1581 aquilam
1523 1540 1603 1574 bici-

134 1595 255 1641 pitem,
292 1601 391 1641 atque
422 1603 550 1641 septem
583 1597 765 1632 electorum
797 1596 949 1641 insignia.
1008 1595 1072 1646 Ac!
1092 1606 1152 1644 eae
1176 1595 1307 1639 quidem
1331 1594 1453 1638 figurae
1482 1607 1600 1631 omnes

133 1653 322 1698 eleganter,
355 1660 532 1698 curateque
555 1665 698 1689 excusae
719 1661 806 1689 sunt.
854 1653 1018 1697 Superiori
1043 1652 1186 1696 margini
1208 1652 1364 1695 adscripti
1385 1658 1466 1686 sunt
1491 1654 1598 1688 versi-

131 1711 217 1744 culi:
248 1709 337 1744 Hanc
359 1709 473 1744 taurum
496 1709 623 1744 dedimus
650 1709 787 1744 Conrado
809 1708 870 1744 &css
918 1709 968 1742 De
991 1706 1110 1752 quibus
1140 1708 1216 1743 alibi
1243 1708 1314 1754 jam
1336 1709 1478 1743 fecimus
1501 1720 1598 1745 men·

131 1765 267 1802 tionem.

224 1823 333 1867 Hujus
357 1824 457 1858 libelli
481 1828 662 1869 suppetunt
684 1823 843 1858 editiones
860 1823 962 1862 duae,
986 1833 1071 1871 quae
1093 1823 1228 1866 quidem
1252 1823 1385 1857 easdem
1407 1823 1496 1863 anni,
1520 1824 1598 1865 loci,

134 1884 176 1916 et-
189 1878 389 1926 typographi
414 1887 508 1918 notas
533 1881 730 1931 praeferunt.
777 1878 1035 1925 Distinguuntur
1062 1882 1174 1915 autem
1204 1889 1224 1915 a
1247 1890 1284 1914 se
1308 1879 1476 1922 invicem,
1506 1882 1601 1927 quod

133 1939 236 1973 altera
257 1937 328 1971 sive
352 1941 521 1982 posterior,
549 1941 674 1984 plenior
699 1939 742 1974 sit
764 1939 798 1974 in
822 1938 987 1974 nonnullis
1011 1946 1110 1982 atque
1133 1938 1275 1986 auctior;
1306 1939 1398 1974 velut
1421 1940 1531 1975 elucet
1555 1952 1599 1976 ex

132 1995 428 2040 epigrammate-de
452 1995 554 2036 Aras,-
594 1997 647 2033 cui
670 1997 781 2032 addita
803 2002 885 2044 sunt
892 1996 1007 2031 νει-δα·
1028 1996 1127 2031 haec:
1158 1993 1248 2040 Quod
1268 2005 1354 2031 anser
1382 1995 1603 2042 interpretum.

133 2053 223 2090 ldem
245 2054 493 2091 observare-est
516 2054 644 2092 in·0de
660 2055 832 2102 ‘Sapphica
855 2052 1010 2090 Clementis
1030 2052 1230 2103 Bonicanfflii,
1254 2065 1339 2100 quae
1362 2056 1491 2093 duabus
1516 2063 1601 2092 stro-

1225 2113 1295 2157 η*
