1834 2439
223 138 288 177 ἱ1720
745 143 817 168 ιη.
839 140 883 167 n.
923 139 1004 167 cn.
1029 139 1145 179 xviii.
1179 150 1200 158 -—

220 226 297 274 phis
327 224 363 262 in
386 223 529 261 editione
560 222 741 268 posteriore
770 228 825 258 est
852 220 1050 268 productior.
1097 221 1189 257 Finis
1216 222 1352 258 tandem
1379 225 1545 278 opusculi,
1563 230 1615 263 xut
1645 225 1688 262 de

216 284 343 322 ceteris
365 289 515 320 taceam,
551 280 585 316 id
616 280 727 327 ipsum
758 280 894 315 evincit.
944 279 1132 318 Editionem
1155 279 1246 314 enim
1270 281 1453 316 secundam
1485 281 1616 330 claudit
1630 283 1688 318 ad-

216 341 343 387 jectum
361 337 525 374 distichon
548 348 626 372 cum
653 337 717 372 hac
739 337 971 382 inscriptione:
998 333 1159 370 Oramlum
1182 334 1396 381 Apollinis'ad
1418 337 1495 373 Cel.

513 409 640 453 Magna
663 406 763 443 venit
779 406 861 443 nulli
883 408 956 443 sine
979 418 1104 453 magno
1125 406 1214 443 fama
1237 408 1369 445 labore:

592 467 636 501 Et
662 476 748 509 vaga
771 465 927 500 sudorem
950 465 1056 510 gloria
1082 475 1213 509 semper
1234 465 1343 501 habet.

310 536 405 578 Quos
429 535 564 581 quidem
587 535 785 575 versiculos,
808 535 927 580 quibus
948 541 1002 571 est
1022 535 1185 572 destituta
1207 535 1308 579 editio
1330 536 1429 582 prior.
1470 533 1597 570 Celtis
1618 537 1688 572 huc

221 592 393 629 transtulit
415 603 458 628 ex
477 593 571 628 libris
595 593 775 632 Amorum,
799 593 892 637 Eleg.
904 592 959 628 111.
982 593 1053 629 Lib.
1067 594 1093 629 1.

322 658 412 695 Ante
440 656 594 703 Apollinis
627 658 796 699 oracutum,
835 656 934 705 cujus,
961 659 1063 694 modo
1098 657 1313 693 meminimus
1327 683 1336 698 ,
1376 657 1471 694 velut
1507 656 1551 702 in·
1569 653 1691 692 'tabella

216 726 415 761 suspensum
449 716 628 751 anathema
656 715 887 761 complectitur
915 714 1041 750 Celtis
1075 716 1120 750 ad
1142 714 1390 749 Maximilimm
1412 714 1602 759 Augustum
1633 715 1689 759 pia

220 778 310 813 vota,
332 772 504 817 proposita
525 772 674 816 elegiaco
696 772 851 807 carmine.
899 771 1094 816 pollicetur,
1116 781 1155 805 se
1174 771 1371 815 scfipturum
1394 766 1534 815 originem
1558 772 1685 808 Domus

217 830 433 872 Austriaeae‚
463 827 635 874 Vtramque
660 839 700 864 ac
724 839 778 864 res
801 835 915 873 gestas
932 827 1154 863 maximiliani.
1201 827 1336 873 Incipit:

448 910 613 945 Posthaec
638 909 776 954 pulchra
798 915 875 944 tuae
899 909 1041 944 scribam
1063 908 1242 953 primordia
1264 908 1385 952 gentis,
1448 912 1457 920 ’

523 965 636 1011 Atque
659 971 794 1006 atavos,
826 965 980 1010 proairos,
1003 964 1323 1010 magnanimumque
1345 970 1485 1011 patrem.

315 1033 456 1069 Definit:

452 1090 605 1134 Cumque
628 1089 688 1124 tibi
709 1090 818 1125 nullus
840 1089 957 1124 similis
984 1101 1073 1125 nunc
1096 1089 1181 1126 vivit
1203 1089 1237 1123 in
1261 1089 1356 1124 orbe:

523 1146 709 1181 Historiam
731 1147 818 1181 hanc
838 1147 929 1182 solus
948 1147 1093 1182 scribere
1119 1156 1218 1181 nemo
1241 1151 1361 1191 potest.

643 1378 677 1417 C
710 1379 752 1418 A
788 1379 816 1419 P
852 1379 895 1419 U
931 1379 973 1420 T
1041 1380 1078 1421 X
1099 1379 1141 1422 V
1160 1379 1180 1420 Ι
1198 1380 1218 1421 Ι
1235 1380 1274 1421 Ι.

441 1473 637 1511 CARMEN
661 1476 722 1511 DE
742 1474 950 1511 DlVERSIS
973 1447 1272 1514 DIVERSORUM
1293 1477 1472 1515 STUDIIS.

772 1572 1164 1587 οοοοοοοοοοοοοοοοοοοοο

309 1660 388 1696 Non
410 1661 618 1697 induxissem
641 1663 676 1697 in
700 1663 866 1704 animum,
900 1664 978 1700 huic
996 1665 1134 1701 carmini
1152 1665 1350 1710 peculiarem
1369 1664 1539 1708 assignare
1558 1662 1685 1707 locum,'

220 1715 286 1757 nisi
315 1727 372 1751 me
406 1725 632 1754 commoveret
673 1727 747 1755 tum
782 1721 1105 1767 bibliographorum‚
1144 1727 1217 1758 tum'
1254 1721 1489 1767 exemplarium
1520 1717 1683 1767 veterum,

220 1773 361 1808 seorsim
379 1784 582 1809 excusorum
598 1777 791 1811 auctoritas.
824 1776 980 1812 Fabricius
994 1787 1083 1815 certe
1101 1786 1136 1814 et
1150 1779 1298 1815 Schierius
1317 1786 1473 1824 tanquam
1487 1769 1683 1815 distinctum

219 1841 240 1866 a
259 1831 379 1866 ceteris
405 1829 532 1866 Celtis
557 1842 675 1877 poema
697 1842 969 1871 commemorant.
1025 1837 1312 1873 Circumferuntur
1333 1843 1512 1882 praeterea·
1520 1837 1684 1873 editiones

218 1887 368 1933 ejusdem
399 1895 547 1931 veteres,
580 1900 666 1936 quae
696 1891 778 1933 loci,
811 1898 870 1927 aut
901 1892 981 1929 anni
1012 1888 1125 1930 carent
1159 1895 1290 1931 indicio.
1356 1895 1616 1940 Deprehenditur
1640 1895 1689 1931 in

219 1946 387 1982 codicibus
409 1947 549 1983 diversis
570 1948 747 1986 lectionum
768 1949 914 1985 varietas
935 1950 1119 1997 multiplex.
1175 1952 1321 1999 Vulgata
1345 1953 1460 2001 editio,
1484 1963 1570 1999 quae
1591 1951 1684 1988 libris

219 2000 385 2048 Amorum
413 2005 538 2042 inserta
572 2012 627 2041 est
660 2007 946 2054 Lffi.11·1.Eleg
969 2009 1012 2045 X.
1045 2010 1276 2062 complectitur
1310 1996 1456 2047 disticha
1477 2021 1544 2057 59,
1581 2008 1684 2046 editio

218 2058 388 2096 Bar-thiana
412 2072 473 2106 505
497 2064 603 2100 codex
625 2075 707 2101 msc.
732 2064 991 2112 Norimbergensis
1013 2060 1166 2103 distichis
1189 2080 1229 2105 21
1256 2056 1448 2105 absolvitur.
